%% Created using Papers on Wed, 01 May 2019.
%% http://papersapp.com/papers/

@article{Bailey:1987ko,
author = {Bailey, R A},
title = {{Restricted Randomization: A Practical Example}},
journal = {Journal of the American Statistical Association},
year = {1987},
volume = {82},
number = {399},
pages = {712--719},
month = sep
}

@article{PhD:2016ej,
author = {Gamble, John-Michael and Chibrikov, Eugene and Twells, Laurie K and Midodzi, William K and Young, Stephanie W and MacDonald, Don and Majumdar, Sumit R},
title = {{Association of insulin dosage with mortality or major adverse cardiovascular events: a retrospective cohort study}},
journal = {THE LANCET Diabetes {\&} Endocrinology},
year = {2017},
volume = {5},
number = {1},
pages = {43--52},
month = jan
}

@article{Simon:1979co,
author = {Simon, Richard},
title = {{Restricted Randomization Designs in Clinical Trials}},
journal = {Biometrics},
year = {1979},
volume = {35},
number = {2},
pages = {503},
month = jun
}

@article{Chen:2013gc,
author = {Chen, Weijie and Samuelson, Frank W and Gallas, Brandon D and Kang, Le and Sahiner, Berkman and Petrick, Nicholas},
title = {{On the assessment of the added value of new predictive biomarkers}},
journal = {BMC Medical Research Methodology},
year = {2013},
volume = {13},
number = {1},
pages = {1},
month = jul
}

@article{Bang:2005gx,
author = {Bang, Heejung and Robins, James M},
title = {{Doubly Robust Estimation in Missing Data and Causal Inference Models}},
journal = {Biometrics},
year = {2005},
volume = {61},
number = {4},
pages = {962--973},
month = dec
}

@book{Gonzalez:2016hx,
author = {Gonzalez, Ruben and Qi, Fei and Huang, Biao},
title = {{Process Control System Fault Diagnosis: A Bayesian Approach}},
publisher = {John Wiley {\&} Sons, Ltd},
year = {2016},
series = {A Bayesian Approach},
address = {Chichester, UK},
month = sep
}

@article{Zou:2006du,
author = {Zou, Hui},
title = {{Journal of the American Statistical Association}},
journal = {Journal of the American Statistical Association},
year = {2006},
volume = {101},
number = {476},
pages = {1--13},
month = nov
}

@book{Steyerberg:2009de,
author = {Steyerberg, E W},
title = {{Clinical Prediction Models}},
publisher = {Springer New York},
year = {2009},
series = {Statistics for Biology and Health},
address = {New York, NY}
}

@article{Hutson:2010ih,
author = {Hutson, Stu},
title = {{Data handling errors spur debate over clinical trial.}},
journal = {Nature medicine},
year = {2010},
volume = {16},
number = {6},
pages = {618--618},
month = jun
}

@article{Kerr:2012go,
author = {Kerr, K F and Bansal, A and Pepe, M S},
title = {{Further Insight Into the Incremental Value of New Markers: The Interpretation of Performance Measures and the Importance of Clinical Context}},
journal = {American Journal of Epidemiology},
year = {2012},
volume = {176},
number = {6},
pages = {482--487},
month = sep
}

@article{Wyss:2017kt,
author = {Wyss, Richard and Hansen, Ben B and Ellis, Alan R and Gagne, Joshua J and Desai, Rishi J and Glynn, Robert J and St{\"u}rmer, Til},
title = {{The "Dry-Run" Analysis: A Method for Evaluating Risk Scores for Confounding Control.}},
journal = {American Journal of Epidemiology},
year = {2017},
volume = {185},
number = {9},
pages = {1--11},
month = mar
}

@article{Lambert:2012br,
author = {Lambert, C G and Black, L J},
title = {{Learning from our GWAS mistakes: from experimental design to scientific method}},
journal = {Biostatistics (Oxford, England)},
year = {2012},
volume = {13},
number = {2},
pages = {195--203},
month = mar
}

@article{Roumie:2014bc,
author = {Roumie, Christianne L and Greevy, Robert A and Grijalva, Carlos G and Hung, Adriana M and Liu, Xulei and Murff, Harvey J and Elasy, Tom A and Griffin, Marie R},
title = {{Association Between Intensification of Metformin Treatment With Insulin vs Sulfonylureas and Cardiovascular Events and All-Cause Mortality Among Patients With Diabetes}},
journal = {JAMA},
year = {2014},
volume = {311},
number = {22},
pages = {2288},
month = jun
}

@article{Haude:1996hp,
author = {Haude, Michael and Budde, Thomas and Hoepp, Hans W and Kerber, Sebastian and Caspari, Guido and Fa{\ss}bender, Guido and Fingerhuth, Maria and Erdmann, Erland and Breithardt, G{\"u}nter and Erbel, Raimund and Wischnewski, Manfred B},
title = {{A prognostic computer model to predict individual outcome in interventional cardiology{\textemdash}The INTERVENT project}},
journal = {Journal of the American College of Cardiology},
year = {1996},
volume = {27},
number = {2},
pages = {8},
month = feb
}

@article{Pencina:2011kl,
author = {Pencina, Michael J and D'Agostino Sr., Ralph B and Steyerberg, Ewout W},
title = {{Extensions of net reclassification improvement calculations to measure usefulness of new biomarkers}},
journal = {Statistics in medicine},
year = {2010},
volume = {30},
number = {1},
pages = {11--21},
month = nov
}

@article{Gu:2010km,
author = {Gu, W and Pepe, M S},
title = {{Estimating the diagnostic likelihood ratio of a continuous marker}},
journal = {Biostatistics (Oxford, England)},
year = {2010},
volume = {12},
number = {1},
pages = {87--101},
month = dec
}

@article{Chen:2009cq,
author = {Chen, S and Blackford, A L and Parmigiani, G},
title = {{Tailoring BRCAPRO to Asian-Americans}},
journal = {Journal of Clinical Oncology},
year = {2008},
volume = {27},
number = {4},
pages = {642--643},
month = dec
}

@article{Austin:2011cu,
author = {Austin, Peter C},
title = {{An Introduction to Propensity Score Methods for Reducing the Effects of Confounding in Observational Studies}},
journal = {Multivariate Behavioral Research},
year = {2011},
volume = {46},
number = {3},
pages = {399--424},
month = may
}

@article{Mercado:2012kg,
author = {Mercado, Rowena C and Hampel, Heather and Kastrinos, Fay and Steyerberg, Ewout and Balma{\~n}a, Judith and Stoffel, Elena and Cohn, David E and Backes, Floor J and Hopper, John L and Jenkins, Mark A and Lindor, Noralane M and Casey, Graham and Haile, Robert and Madhavan, Subha and de la Chapelle, Albert and Syngal, Sapna},
title = {{Performance of PREMM1,2,6, MMRpredict, and MMRpro in detecting Lynch syndrome among endometrial cancer cases}},
journal = {Genetics in Medicine},
year = {2012},
volume = {14},
number = {7},
pages = {670--680},
month = mar
}

@article{Grambsch:1991fo,
author = {Grambsch, Patricia M and O'Brien, Peter C},
title = {{The effects of transformations and preliminary tests for non-linearity in regression}},
journal = {Statistics in medicine},
year = {1991},
volume = {10},
number = {5},
pages = {697--709},
month = may
}

@article{Saville:2014cg,
author = {Saville, Benjamin R and Connor, Jason T and Ayers, Gregory D and Alvarez, JoAnn},
title = {{The utility of Bayesian predictive probabilities for interim monitoring of clinical trials}},
journal = {Clinical Trials},
year = {2014},
volume = {11},
number = {4},
pages = {485--493},
month = aug
}

@article{Kroncke:2015eh,
author = {Kroncke, Brett M and Vanoye, Carlos G and Meiler, Jens and George Jr., Alfred L and Sanders, Charles R},
title = {{Personalized Biochemistry and Biophysics}},
journal = {Biochemistry},
year = {2015},
volume = {54},
number = {16},
pages = {2551--2559},
month = apr
}

@article{Senn:2010bg,
author = {Senn, Stephen and Anisimov, Vladimir V and Fedorov, Valerii V},
title = {{Comparisons of minimization and Atkinson{\&}apos;s algorithm}},
journal = {Statistics in medicine},
year = {2010},
volume = {29},
number = {7-8},
pages = {721--730},
month = mar
}

@article{Dahabreh:2018fc,
author = {Dahabreh, Issa J and Robertson, Sarah E and Tchetgen, Eric J Tchetgen and Stuart, Elizabeth A and Hern{\'a}n, Miguel A},
title = {{Generalizing causal inferences from individuals in randomized trials to all trial-eligible individuals.}},
journal = {Biometrics},
year = {2018},
month = nov
}

@article{Anonymous:v6nVvp3G,
title = {{Rosenbaum Rubin 1983 Biometrika}},
year = {2010},
pages = {1--8},
month = may
}

@article{Lin:2013jh,
author = {Lin, Winston},
title = {{Agnostic notes on regression adjustments to experimental data: Reexamining Freedman{\textquoteright}s critique}},
journal = {The Annals of Applied Statistics},
year = {2013},
volume = {7},
number = {1},
pages = {295--318},
month = mar
}

@article{Greenland:2008kn,
author = {Greenland, Philip},
title = {{Comments on {\textquoteleft}Evaluating the added predictive ability of a new marker: From area under the ROC curve to reclassification and beyond{\textquoteright} by M. J. Pencina, R. B. D'Agostino Sr, R. B. D'Agostino Jr, R. S. Vasan,Statistics in Medicine (DOI: 10.1002/sim.2929)}},
journal = {Statistics in medicine},
year = {2007},
volume = {27},
number = {2},
pages = {188--190}
}

@book{Anonymous:2008ul,
title = {{Classical and Adaptive Clinical Trial Designs using Expdesign Studio{\texttrademark}}},
publisher = {John Wiley {\&} Sons, Inc.},
year = {2008},
address = {Hoboken, NJ, USA},
month = jul
}

@article{Zhao:2011gh,
author = {Zhao, Wenle and Weng, Yanqiu},
title = {{Block urn design {\textemdash} A new randomization algorithm for sequential trials with two or more treatments and balanced or unbalanced allocation}},
journal = {Contemporary Clinical Trials},
year = {2011},
volume = {32},
number = {6},
pages = {953--961},
month = nov
}

@article{Greenland:1999te,
author = {Greenland, S and Pearl, J and Robins, J M},
title = {{Causal diagrams for epidemiologic research.}},
journal = {Epidemiology},
year = {1999},
volume = {10},
number = {1},
pages = {37--48},
month = jan
}

@article{Zhang:2009dg,
author = {Zhang, Zhiwei},
title = {{Interpreting Statistical Evidence with Empirical Likelihood Functions}},
journal = {Biometrical Journal},
year = {2009},
volume = {51},
number = {4},
pages = {710--720},
month = aug
}

@article{BaldiAntognini:2011jk,
author = {Baldi Antognini, A and Zagoraiou, M},
title = {{The covariate-adaptive biased coin design for balancing clinical trials in the presence of prognostic factors}},
journal = {Biometrika},
year = {2011},
volume = {98},
number = {3},
pages = {519--535},
month = aug
}

@article{Kruschke:2013jy,
author = {Kruschke, John K},
title = {{Bayesian estimation supersedes the t test.}},
journal = {Journal of experimental psychology. General},
year = {2013},
volume = {142},
number = {2},
pages = {573--603}
}

@article{Scott:2002ix,
author = {Scott, Neil W and McPherson, Gladys C and Ramsay, Craig R and Campbell, Marion K},
title = {{The method of minimization for allocation to clinical trials}},
journal = {Controlled Clinical Trials},
year = {2002},
volume = {23},
number = {6},
pages = {662--674},
month = dec
}

@incollection{Davidson:2006cf,
author = {Davidson, Ian and Fan, Wei},
title = {{When Efficient Model Averaging Out-Performs Boosting and Bagging}},
booktitle = {Knowledge Discovery in Databases: PKDD 2006},
year = {2006},
pages = {478--486},
publisher = {Springer Berlin Heidelberg},
address = {Berlin, Heidelberg}
}

@article{GreevyJr:2012hp,
author = {Greevy Jr., Robert A and Grijalva, Carlos G and Roumie, Christianne L and Beck, Cole and Hung, Adriana M and Murff, Harvey J and Liu, Xulei and Griffin, Marie R},
title = {{Reweighted Mahalanobis distance matching for cluster-randomized trials with missing data}},
journal = {Pharmacoepidemiology and Drug Safety},
year = {2012},
volume = {21},
pages = {148--154},
month = may
}

@article{Lindquist:2014kf,
author = {Lindquist, Martin A and Xu, Yuting and Nebel, Mary Beth and Caffo, Brain S},
title = {{Evaluating dynamic bivariate correlations in resting-state fMRI: A comparison study and a new approach}},
journal = {NeuroImage},
year = {2014},
volume = {101},
pages = {531--546},
month = nov
}

@article{Bothwell:2016bc,
author = {Bothwell, Laura E and Greene, Jeremy A and Podolsky, Scott H and Jones, David S},
title = {{Assessing the Gold Standard--Lessons from the History of RCTs.}},
journal = {New England Journal of Medicine},
year = {2016},
volume = {374},
number = {22},
pages = {2175--2181},
month = jun
}

@article{Attanasio:2004cj,
author = {Attanasio, Andrea F and Shavrikova, Elena and Blum, Werner F and Cromer, Morris and Child, Christopher J and Paskova, Magdalena and Lebl, Jan and Chipman, John J and Shalet, Stephen M},
title = {{Continued Growth Hormone (GH) Treatment after Final Height Is Necessary to Complete Somatic Development in Childhood-Onset GH-Deficient Patients}},
journal = {The Journal of Clinical Endocrinology {\&} Metabolism},
year = {2004},
volume = {89},
number = {10},
pages = {4857--4862},
month = oct
}

@article{Wald:1973vc,
author = {Koell, Christophe},
title = {{Asymptotic optimality of the wald sequential test}},
journal = {Sequential Analysis},
year = {1995},
volume = {14},
number = {4},
pages = {341--360},
month = jan
}

@article{Nee:2013kr,
author = {Nee, Robert J and Vicenzino, Bill and Jull, Gwendolen A and Cleland, Joshua A and Coppieters, Michel W},
title = {{Baseline Characteristics of Patients With Nerve-Related Neck and Arm Pain Predict the Likely Response to Neural Tissue Management}},
journal = {Journal of Orthopaedic {\&} Sports Physical Therapy},
year = {2013},
volume = {43},
number = {6},
pages = {379--391},
month = jun
}

@article{Levinson:gj,
author = {Levinson, Stanley S},
title = {{Letter to the Editor Reply: Statistical methods for assessment of added usefulness of new biomarkers}},
journal = {Clinical Chemistry and Laboratory Medicine},
volume = {49},
number = {7}
}

@article{Ayanlowo:2007dt,
author = {Ayanlowo, A O and Redden, D T},
title = {{Stochastically curtailed phase II clinical trials.}},
journal = {Statistics in medicine},
year = {2007},
volume = {26},
number = {7},
pages = {1462--1472},
month = mar
}

@article{Xu:2009cc,
author = {Xu, Zhenzhen and Kalbfleisch, John D},
title = {{Propensity Score Matching in Randomized Clinical Trials}},
journal = {Biometrics},
year = {2009},
volume = {66},
number = {3},
pages = {813--823},
month = nov
}

@incollection{Chang:2016vy,
author = {Chang, Mark},
title = {{Classical Design Method Reference}},
booktitle = {Classical and Adaptive Clinical Trial Designs using Expdesign Studio{\texttrademark}},
year = {2008},
pages = {187--213},
publisher = {John Wiley {\&} Sons, Inc.},
address = {Hoboken, NJ, USA},
month = jul
}

@article{Presley:2018ew,
author = {Presley, Caroline A and Min, Jea Young and Chipman, Jonathan and Greevy, Robert A and Grijalva, Carlos G and Griffin, Marie R and Roumie, Christianne L},
title = {{Validation of an algorithm to identify heart failure hospitalisations in patients with diabetes within the veterans health administration.}},
journal = {BMJ open},
year = {2018},
volume = {8},
number = {3},
pages = {e020455},
month = mar
}

@article{Nattino:2014wc,
author = {Nattino, G and Finazzi, S and Bertolini, G},
title = {{Comments on 'Graphical assessment of internal and external calibration of logistic regression models by using loess smoothers' by Peter C. Austin and Ewout {\ldots}}},
journal = {Statistics in medicine},
year = {2014}
}

@article{Guisan:2009ei,
author = {Guisan, Antoine and Harrell, Frank E},
title = {{Ordinal response regression models in ecology}},
journal = {Journal of Vegetation Science},
year = {2009},
volume = {11},
number = {5},
pages = {617--626},
month = apr
}

@article{Wei:1977js,
author = {Wei, Lee-Jen},
title = {{A Class of Designs for Sequential Clinical Trials}},
journal = {Journal of the American Statistical Association},
year = {1977},
volume = {72},
number = {358},
pages = {382}
}

@article{Vickers:2014fs,
author = {Vickers, Andrew and Carlsson, Sigrid and Laudone, Vincent and Lilja, Hans},
title = {{It Ain{\textquoteright}t What You Do, It's the Way You Do It: Five Golden Rules for Transforming Prostate-Specific Antigen Screening}},
journal = {European urology},
year = {2014},
volume = {66},
number = {2},
pages = {188--190},
month = aug
}

@article{VanderWeele:2013cj,
author = {VanderWeele, Tyler and Vansteelandt, Stijn},
title = {{Mediation Analysis with Multiple Mediators}},
journal = {Epidemiologic Methods},
volume = {2},
number = {1}
}

@article{Yang:2011it,
author = {Yang, S and Prentice, R L},
title = {{Estimation of the 2-sample hazard ratio function using a semiparametric model}},
journal = {Biostatistics (Oxford, England)},
year = {2011},
volume = {12},
number = {2},
pages = {354--368},
month = mar
}

@article{VanCalster:2013ec,
author = {Van Calster, B and Vickers, A J and Pencina, M J and Baker, S G and Timmerman, D and Steyerberg, E W},
title = {{Evaluation of Markers and Risk Prediction Models: Overview of Relationships between NRI and Decision-Analytic Measures}},
journal = {Medical Decision Making},
year = {2013},
volume = {33},
number = {4},
pages = {490--501},
month = apr
}

@article{Wu:2014ix,
author = {Wu, Yun-Chun and Lee, Wen-Chung},
title = {{Alternative Performance Measures for Prediction Models}},
journal = {PloS one},
year = {2014},
volume = {9},
number = {3},
pages = {e91249},
month = mar
}

@article{Selkoe:2016bp,
author = {Selkoe, Dennis J and Hardy, John},
title = {{The amyloid hypothesis of Alzheimer's disease at 25~years}},
journal = {EMBO Molecular Medicine},
year = {2016},
volume = {8},
number = {6},
pages = {595--608},
month = jun
}

@article{Kerr:2014de,
author = {Kerr, Kathleen F and Wang, Zheyu and Janes, Holly and McClelland, Robyn L and Psaty, Bruce M and Pepe, Margaret S},
title = {{Net Reclassification Indices for Evaluating Risk Prediction Instruments}},
journal = {Epidemiology},
year = {2014},
volume = {25},
number = {1},
pages = {114--121},
month = jan
}

@article{Balmana:2006ej,
author = {Balma{\~n}a, Judith and Stockwell, David H and Steyerberg, Ewout W and Stoffel, Elena M and Deffenbaugh, Amie M and Reid, Julia E and Ward, Brian and Scholl, Thomas and Hendrickson, Brant and Tazelaar, John and Burbidge, Lynn Anne and Syngal, Sapna},
title = {{Prediction of MLH1 and MSH2 Mutations in Lynch Syndrome}},
journal = {JAMA},
year = {2006},
volume = {296},
number = {12},
pages = {1469},
month = sep
}

@article{Barquet:1997fg,
author = {Barquet, N},
title = {{Prognostic factors in meningococcal disease. Development of a bedside predictive model and scoring system. Barcelona Meningococcal Disease Surveillance Group}},
journal = {JAMA: The Journal of the American Medical Association},
year = {1997},
volume = {278},
number = {6},
pages = {491--496},
month = aug
}

@book{LeylandJones:2003kt,
author = {Leyland-Jones, B},
title = {{Breast cancer trial with erythropoietin terminated unexpectedly}},
publisher = {The lancet oncology},
year = {2003}
}

@article{BenVanCalster:2016im,
author = {Ben Van Calster and Nieboer, Daan and Vergouwe, Yvonne and De Cock, Bavo and Pencina, Michael J and Steyerberg, Ewout W},
title = {{A calibration hierarchy for risk models was defined: from utopia to empirical data}},
journal = {Journal of Clinical Epidemiology},
year = {2016},
volume = {74},
number = {C},
pages = {167--176},
month = jun
}

@booklet{Berry:2010fr,
title = {{Bayesian Adaptive Methods for Clinical Trials}},
author = {Berry, Scott and Carlin, Bradley and Lee, J and M{\"u}ller, Peter},
howpublished = {CRC Press},
year = {2010}
}

@article{Pocock:1995eh,
author = {Pocock, Stuart J},
title = {{Life as an academic medical statistician and how to survive it}},
journal = {Statistics in medicine},
year = {1995},
volume = {14},
number = {2},
pages = {209--222},
month = jan
}

@article{Peirce:1884wra,
author = {Peirce, C S and Jastrow, J},
title = {{On small differences in sensation}},
journal = {Memoirs of the National Academy of Sciences},
year = {1884},
volume = {III},
pages = {73--83}
}

@article{Hartman:2002iu,
author = {Hartman, Mark L and Crowe, Brenda J and Biller, Beverly M K and Ho, Ken K Y and Clemmons, David R and Chipman, John J},
title = {{Which Patients Do Not Require a GH Stimulation Test for the Diagnosis of Adult GH Deficiency?}},
journal = {The Journal of Clinical Endocrinology {\&} Metabolism},
year = {2002},
volume = {87},
number = {2},
pages = {477--485},
month = feb
}

@article{Atkinson:1982kt,
author = {Atkinson, A C},
title = {{Optimum Biased Coin Designs for Sequential Clinical Trials with Prognostic factors}},
journal = {Biometrika},
year = {1982},
volume = {69},
number = {1},
pages = {61},
month = apr
}

@article{Zubizarreta:2012iv,
author = {Zubizarreta, Jos{\'e} R},
title = {{Using Mixed Integer Programming for Matching in an Observational Study of Kidney Failure After Surgery}},
journal = {Journal of the American Statistical Association},
year = {2012},
volume = {107},
number = {500},
pages = {1360--1371},
month = dec
}

@article{Li:2014bs,
author = {Li, Rongxia and Stewart, Brock and Weintraub, Eric and McNeil, Michael M},
title = {{Continuous sequential boundaries for vaccine safety surveillance.}},
journal = {Statistics in medicine},
year = {2014},
volume = {33},
number = {19},
pages = {3387--3397},
month = aug
}

@article{Samoilenko:uo,
author = {Samoilenko, M and Blais, L and Cossette, B and Forget, A},
title = {{Assessing the dose-response relationship between maternal use of inhaled corticosteroids therapy and birth weight: a generalized propensity score approach}},
journal = {obsstudies.org
}
}

@article{Fu:2016jy,
author = {Fu, Haoda and Zhou, Jin and Faries, Douglas E},
title = {{Estimating optimal treatment regimes via subgroup identification in randomized control trials and observational studies.}},
journal = {Statistics in medicine},
year = {2016},
volume = {35},
number = {19},
pages = {3285--3302},
month = aug
}

@article{Uno:2011hf,
author = {Uno, Hajime and Cai, Tianxi and Pencina, Michael J and D'Agostino, Ralph B and Wei, L J},
title = {{On the C-statistics for evaluating overall adequacy of risk prediction procedures with censored survival data}},
journal = {Statistics in medicine},
year = {2011},
pages = {n/a--n/a},
month = jan
}

@article{Anonymous:6jLA-dfo,
annote = {In code:

SCRSSN: Scrambled social security number (at a national level)

Hypoglycemia < 60 - per Rob
{\textasciitilde} 55 probably okayish (asymptomatic)
50 feeling kind of squeemish
40 delarium

C003: All met  In code: SCRSSN: Scrambled social security number (at a national level) Hypoglycemia < 60 - per Rob {\textasciitilde} 55 probably okayish (asymptomatic) 50 feeling kind of squeemish 40 delarium C003: All met}
}

@misc{Anonymous:2016tz,
title = {{ACCRE: SLURM}},
howpublished = {ljournal},
year = {2016}
}

@article{meinert2012clinicaltrials,
author = {Chaplin, Caroline},
title = {{Clinical trials: Design, conduct and analysis, Curtis L. Meinert, Oxford University Press, 1986. No. of pages xxvi + 469. price: {\pounds}50.00}},
journal = {Statistics in medicine},
year = {1988},
volume = {7},
number = {4},
pages = {545--545},
month = apr
}

@article{Biswas:2014gx,
author = {Biswas, Swati and Arun, Banu and Parmigiani, Giovanni},
title = {{Reclassification of predictions for uncovering subgroup specific improvement}},
journal = {Statistics in medicine},
year = {2013},
volume = {33},
number = {11},
pages = {1914--1927},
month = dec
}

@article{Goodman:2011bb,
author = {Goodman, S N and Royall, R},
title = {{Evidence and scientific research.}},
journal = {American Journal of Public Health},
year = {1988},
volume = {78},
number = {12},
pages = {1568--1574},
month = dec
}

@article{Lu:2011bo,
author = {Lu, Bo and Greevy, Robert and Xu, Xinyi and Beck, Cole},
title = {{Optimal Nonbipartite Matching and Its Statistical Applications}},
journal = {The American statistician},
year = {2011},
volume = {65},
number = {1},
pages = {21--30},
month = feb
}

@article{Anonymous:hzrDA_nE,
title = {{Neyman 1923}},
year = {2006},
pages = {1--9},
month = jan
}

@article{Blume:2002bs,
author = {Blume, Jeffrey D},
title = {{Likelihood methods for measuring statistical evidence}},
journal = {Statistics in medicine},
year = {2002},
volume = {21},
number = {17},
pages = {2563--2599}
}

@article{Freedman:2008em,
author = {Freedman, David A},
title = {{On regression adjustments in experiments with several treatments}},
journal = {The Annals of Applied Statistics},
year = {2008},
volume = {2},
number = {1},
pages = {176--196},
month = mar
}

@article{Cook:2011em,
author = {Cook, N R},
title = {{Re: "Problems With Risk Reclassification Methods for Evaluating Prediction Models"}},
journal = {American Journal of Epidemiology},
year = {2011},
volume = {174},
number = {7},
pages = {874--875},
month = sep
}

@article{Steyerberg:2014jx,
author = {Steyerberg, Ewout W and Vergouwe, Yvonne},
title = {{Towards better clinical prediction models: seven steps for development and an ABCD for validation}},
journal = {European heart journal},
year = {2014},
volume = {35},
number = {29},
pages = {1925--1931},
month = aug
}

@article{Quigley:2002ew,
author = {Quigley, Charmian A and Crowe, Brenda J and Anglin, D Greg and Chipman, John J},
title = {{Growth Hormone and Low Dose Estrogen in Turner Syndrome: Results of a United States Multi-Center Trial to Near-Final Height}},
journal = {The Journal of Clinical Endocrinology {\&} Metabolism},
year = {2002},
volume = {87},
number = {5},
pages = {2033--2041},
month = may
}

@book{Anonymous:2000wq,
editor = {Halloran, M Elizabeth and Berry, Donald},
title = {{Statistical Models in Epidemiology, the Environment, and Clinical Trials}},
publisher = {Springer New York},
year = {2000},
volume = {116},
series = {The IMA Volumes in Mathematics and its Applications},
address = {New York, NY}
}

@article{Anonymous:tlRH3kUg,
title = {{ABSTRACT CAUSAL INFERENCE WITH A CONTINUOUS TREATMENT AND OUTCOME: ALTERNATIVE ESTIMATORS FOR PARAMETRIC DOSE-RESPONSE FUNCTIONS WITH APPLICATIONS Douglas Galagate, Doctor of Philosophy, 2016 Dr. Joseph L. Schafer Office of the Associate Director for Research and Methodology U.S. Census Bureau and Dr. Paul J. Smith Mathematical Statistics Program Department of Mathematics University of Maryland}},
year = {2016},
pages = {1--167},
month = jan
}

@article{Wasserstein:2016jo,
author = {Wasserstein, Ronald L and Lazar, Nicole A},
title = {{The ASA's Statement on p-Values: Context, Process, and Purpose}},
journal = {The American statistician},
year = {2016},
volume = {70},
number = {2},
pages = {129--133},
month = jun
}

@article{Balmana:2008bo,
author = {Balma{\~n}a, J and Balaguer, F and Castellv{\'\i}-Bel, S and Steyerberg, E W and Andreu, M and Llor, X and Jover, R and Castells, A and Syngal, S and {for the Gastrointestinal Oncology Group of the Spanish Gastroenterological Association}},
title = {{Comparison of predictive models, clinical criteria and molecular tumour screening for the identification of patients with Lynch syndrome in a population-based cohort of colorectal cancer patients}},
journal = {Journal of Medical Genetics},
year = {2008},
volume = {45},
number = {9},
pages = {557--563},
month = jun
}

@article{Suresh:2011hia,
author = {Suresh, K P},
title = {{An overview of randomization techniques: An unbiased assessment of outcome in clinical research}},
journal = {Journal of Human Reproductive Sciences},
year = {2011},
volume = {4},
number = {1},
pages = {8}
}

@article{Hilden:1978vb,
author = {Hilden, J and Habbema, J D and Bjerregaard, B},
title = {{The measurement of performance in probabilistic diagnosis. III. Methods based on continuous functions of the diagnostic probabilities.}},
journal = {Methods of information in medicine},
year = {1978},
volume = {17},
number = {4},
pages = {238--246},
month = oct
}

@article{DienerWest:1989uq,
author = {Diener-West, M and Dobbins, T W and Phillips, T L and Nelson, D F},
title = {{Identification of an optimal subgroup for treatment evaluation of patients with brain metastases using RTOG study 7916.}},
journal = {International journal of radiation oncology, biology, physics},
year = {1989},
volume = {16},
number = {3},
pages = {669--673},
month = mar
}

@article{VanHouwelingen:1990js,
author = {Van Houwelingen, J C and Le Cessie, S},
title = {{Predictive value of statistical models}},
journal = {Statistics in medicine},
year = {1990},
volume = {9},
number = {11},
pages = {1303--1325},
month = nov
}

@article{Zhang:2010ip,
author = {Zhang, Zhiwei},
title = {{Profile Likelihood and Incomplete Data}},
journal = {International Statistical Review},
year = {2010},
volume = {78},
number = {1},
pages = {102--116},
month = apr
}

@article{Guo:2014dm,
author = {Guo, Beibei and Li, Yisheng},
title = {{Bayesian designs of phase II oncology trials to select maximum effective dose assuming monotonic dose-response relationship.}},
journal = {BMC Medical Research Methodology},
year = {2014},
volume = {14},
number = {1},
pages = {95},
month = jul
}

@article{Mihalcik:2018eu,
author = {Mihalcik, Stephen A and Chipman, Jonathan J and Sanda, Martin G and Regan, Meredith M and Kaplan, Irving D and Wagner, Andrew A and Crociani, Catrina M and Chang, Peter},
title = {{Predicting erectile function following external beam radiation therapy or brachytherapy for prostate cancer using EPIC-CP}},
journal = {Practical Radiation Oncology},
year = {2018},
volume = {8},
number = {6},
pages = {445--451},
month = nov,
annote = {doi: 10.1016/j.prro.2018.04.007}
}

@article{Teno:2000th,
author = {Teno, Joan M and Harrell Jr, Frank E and Knaus, William and Phillips, Russell S and Wu, Albert W and Connors, Alfred and Wenger, Neil S and Wagner, Douglas and Galanos, Anthony and Desbiens, Norman A and Lynn, Joanne},
title = {{Prediction of Survival for Older Hospitalized Patients: The HELP Survival Model}},
journal = {Journal of the American Geriatrics Society},
year = {2015},
volume = {48},
number = {S1},
pages = {S16--S24},
month = apr
}

@article{Ma:2015id,
author = {Ma, Wei and Hu, Feifang and Zhang, Lixin},
title = {{Testing Hypotheses of Covariate-Adaptive Randomized Clinical Trials}},
journal = {Journal of the American Statistical Association},
year = {2015},
volume = {110},
number = {510},
pages = {669--680},
month = jul
}

@article{Walvoord:2009cf,
author = {Walvoord, Emily C and de la Pena, Amparo and Park, Soomin and Silverman, Bernard and Cuttler, Leona and Rose, Susan R and Cutler, Gordon and Drop, Stenvert and Chipman, John J},
title = {{Inhaled Growth Hormone (GH) Compared with Subcutaneous GH in Children with GH Deficiency: Pharmacokinetics, Pharmacodynamics, and Safety}},
journal = {The Journal of Clinical Endocrinology {\&} Metabolism},
year = {2009},
volume = {94},
number = {6},
pages = {2052--2059},
month = jun
}

@article{He:2007hm,
author = {He, Yanling and Huang, Wenzheng and Liang, Hua},
title = {{Axiomatic Development of Profile Likelihoods as the Strength of Evidence for Composite Hypotheses}},
journal = {Communications in Statistics - Theory and Methods},
year = {2007},
volume = {36},
number = {15},
pages = {2695--2706},
month = nov
}

@book{Administration:1998vk,
author = {Administration, Food and {Drug}},
editor = {D'Agostino, Ralph B and Sullivan, Lisa and Massaro, Joseph},
title = {{Federal Register}},
publisher = {John Wiley {\&} Sons, Inc.},
year = {2007},
address = {Hoboken, NJ, USA},
month = mar
}

@article{Tzoulaki:2011hja,
author = {Tzoulaki, I and Liberopoulos, G and Ioannidis, J P A},
title = {{Use of reclassification for assessment of improved prediction: an empirical evaluation}},
journal = {International Journal of Epidemiology},
year = {2011},
volume = {40},
number = {4},
pages = {1094--1105},
month = aug
}

@article{Collins:2000bp,
author = {Collins, Steve and Myatt, Mark},
title = {{Short-term Prognosis in Severe Adult and Adolescent Malnutrition During Famine}},
journal = {JAMA},
year = {2000},
volume = {284},
number = {5},
pages = {621},
month = aug
}

@article{Ware:2008ei,
author = {Ware, J H and Cai, T},
title = {{Comments on {\textquoteleft}Evaluating the added predictive ability of a new marker: From area under the ROC curve to reclassification and beyond{\textquoteright} by M. J. Pencinaet al.,Statistics in Medicine (DOI: 10.1002/sim.2929)}},
journal = {Statistics in medicine},
year = {2007},
volume = {27},
number = {2},
pages = {185--187}
}

@article{Tibshirani:1996bc,
author = {Tibshirani, R},
title = {{Regression shrinkage and selection via the lasso}},
journal = {Journal of the Royal Statistical Society Series B ( {\ldots}},
year = {1996}
}

@article{Brazer:1991fu,
author = {Brazer, Scott R and Pancotto, Frank S and Long III, Thomas T and Harrell Jr, Frank E and Lee, Kerry L and Tyor, Malcolm P and Pryor, David B},
title = {{Using ordinal logistic regression to estimate the likelihood of colorectal neoplasia}},
journal = {Journal of Clinical Epidemiology},
year = {1991},
volume = {44},
number = {11},
pages = {1263--1270},
month = jan
}

@article{Stamey:2013ei,
author = {Stamey, James D and Natanegara, Fanni and Seaman, John W},
title = {{Bayesian sample size determination for a clinical trial with correlated continuous and binary outcomes.}},
journal = {Journal of biopharmaceutical statistics},
year = {2013},
volume = {23},
number = {4},
pages = {790--803}
}

@article{Kruschke:2018bz,
author = {Kruschke, John K},
title = {{Rejecting or Accepting Parameter Values in Bayesian Estimation:}},
journal = {Advances in Methods and Practices in Psychological Science},
year = {2018},
volume = {1},
number = {2},
pages = {270--280},
month = may
}

@article{Morgan:2012iq,
author = {Morgan, K L and Rubin, D B},
title = {{Rerandomization to improve covariate balance in experiments}},
journal = {The Annals of Statistics},
year = {2012}
}

@article{Pepe:2008cp,
author = {Pepe, M S and Feng, Z and Huang, Y and Longton, G and Prentice, R and Thompson, I M and Zheng, Y},
title = {{Integrating the Predictiveness of a Marker with Its Performance as a Classifier}},
journal = {American Journal of Epidemiology},
year = {2007},
volume = {167},
number = {3},
pages = {362--368},
month = nov
}

@article{Pencina:2012ed,
author = {Pencina, Michael J and D'Agostino, Ralph B and Massaro, Joseph M},
title = {{Understanding increments in model performance metrics}},
journal = {Lifetime Data Analysis},
year = {2012},
volume = {19},
number = {2},
pages = {202--218},
month = dec
}

@article{Ware:2006kf,
author = {Ware, James H},
title = {{The Limitations of Risk Factors as Prognostic Tools}},
journal = {New England Journal of Medicine},
year = {2006},
volume = {355},
number = {25},
pages = {2615--2617},
month = dec
}

@article{Senn:1994vy,
author = {Senn, S},
title = {{Fisher's game with the devil.}},
journal = {Statistics in medicine},
year = {1994},
volume = {13},
number = {3},
pages = {217--230},
month = feb
}

@article{Hartman:2013iy,
author = {Hartman, Mark L and Xu, Rong and Crowe, Brenda J and Robison, Leslie L and Erfurth, Eva Marie and Kleinberg, David L and Zimmermann, Alan G and Woodmansee, Whitney W and Cutler Jr., Gordon B and Chipman, John J and Melmed, Shlomo},
title = {{Prospective Safety Surveillance of GH-Deficient Adults: Comparison of GH-Treated vs Untreated Patients}},
journal = {The Journal of Clinical Endocrinology {\&} Metabolism},
year = {2013},
volume = {98},
number = {3},
pages = {980--988},
month = mar
}

@book{Maclaurin:2014ux,
author = {Barnes, Katherine},
title = {{Markov Chain Monte Carlo (MCMC)}},
publisher = {John Wiley {\&} Sons, Ltd},
year = {2014},
address = {Chichester, UK},
month = apr
}

@article{Blume:2008cw,
author = {Blume, Jeffrey D},
title = {{How Often Likelihood Ratios are Misleading in Sequential Trials}},
journal = {Communications in Statistics - Theory and Methods},
year = {2008},
volume = {37},
number = {8},
pages = {1193--1206},
month = feb
}

@article{Rao:1992ii,
author = {Rao, C Radhakrishna},
title = {{R. A. Fisher: The Founder of Modern Statistics}},
journal = {Statistical Science},
year = {1992},
volume = {7},
number = {1},
pages = {34--48},
month = feb
}

@article{Anonymous:u00BRJU6,
title = {{"Front Matter". In: Bayesian Approaches to Clinical Trials and Health-Care Evaluation}},
year = {2008},
pages = {1--398},
month = oct
}

@article{Moons:2012gp,
author = {Moons, K G M and de Groot, J A H and Linnet, K and Reitsma, J B and Bossuyt, P M M},
title = {{Quantifying the Added Value of a Diagnostic Test or Marker}},
journal = {Clinical chemistry},
year = {2012},
volume = {58},
number = {10},
pages = {1408--1417},
month = sep
}

@article{Drazen:2015bk,
author = {Drazen, Jeffrey M and Morrissey, Stephen and Campion, Edward W and Jarcho, John A},
title = {{A SPRINT to the Finish}},
journal = {New England Journal of Medicine},
year = {2015},
volume = {373},
number = {22},
pages = {2174--2175},
month = nov
}

@article{Berger:2005ip,
author = {Berger, Vance W},
title = {{Quantifying the Magnitude of Baseline Covariate Imbalances Resulting from Selection Bias in Randomized Clinical Trials}},
journal = {Biometrical Journal},
year = {2005},
volume = {47},
number = {2},
pages = {119--127},
month = apr
}

@article{Blume:2007iq,
author = {Blume, Jeffrey D and Su, Li and Olveda, Remigio M and McGarvey, Stephen T},
title = {{Statistical evidence for GLM regression parameters: A robust likelihood approach}},
journal = {Statistics in medicine},
year = {2007},
volume = {26},
number = {15},
pages = {2919--2936}
}

@article{Gail:2017go,
author = {Gail, Mitchell H and Haneuse, Sebastien},
title = {{Power and sample size for multivariate logistic modeling of unmatched case-control studies.}},
journal = {Statistical Methods in Medical Research},
year = {2017},
pages = {962280217737157},
month = jan
}

@article{Smith:1979kr,
author = {Smith, Patricia L},
title = {{Splines as a Useful and Convenient Statistical Tool}},
journal = {The American statistician},
year = {1979},
volume = {33},
number = {2},
pages = {57--62},
month = may
}

@article{Freedman:1984wz,
author = {Freedman, L S and Lowe, D and Macaskill, P},
title = {{Stopping rules for clinical trials incorporating clinical opinion.}},
journal = {Biometrics},
year = {1984},
volume = {40},
number = {3},
pages = {575--586},
month = sep
}

@book{harrell2015regression,
author = {Harrell, Frank E},
title = {{Regression Modeling Strategies}},
publisher = {Springer International Publishing},
year = {2015},
series = {Springer Series in Statistics},
address = {Cham}
}

@article{Vickers:2012jd,
author = {Vickers, Andrew J and Cronin, Angel M and Gonen, Mithat},
title = {{A simple decision analytic solution to the comparison of two binary diagnostic tests}},
journal = {Statistics in medicine},
year = {2012},
volume = {32},
number = {11},
pages = {1865--1876},
month = sep
}

@article{Vickers:2014bh,
author = {Vickers, Andrew J and Kent, Matthew},
title = {{Reply}},
journal = {Urology},
year = {2014},
volume = {84},
number = {1},
pages = {163},
month = jul
}

@article{Efird:2011kn,
author = {Efird, Jimmy},
title = {{Blocked Randomization with Randomly Selected Block Sizes}},
journal = {International Journal of Environmental Research and Public Health},
year = {2011},
volume = {8},
number = {1},
pages = {15--20},
month = jan
}

@article{Parmar:1994wo,
author = {Parmar, M K and Spiegelhalter, D J and Freedman, L S},
title = {{The CHART trials: Bayesian design and monitoring in practice. CHART Steering Committee.}},
journal = {Statistics in medicine},
year = {1994},
volume = {13},
number = {13-14},
pages = {1297--1312},
month = jul
}

@article{Vickers:2010ei,
author = {Vickers, Andrew},
title = {{Prediction Models in Urology: Are They Any Good, and How Would We Know Anyway?}},
journal = {European urology},
year = {2010},
volume = {57},
number = {4},
pages = {571--573},
month = apr
}

@misc{Anonymous:2016ww,
title = {{ACCRE: Introduction to the cluster}},
howpublished = {Springer International Publishing},
month = mar,
year = {2016}
}

@article{Chipman:R4tfCFBv,
author = {Chipman, Jonathan},
title = {{Likelihood Non-inferiority Design}},
year = {2017},
month = may
}

@article{Freedman:2008eq,
author = {Freedman, David A},
title = {{On regression adjustments to experimental data}},
journal = {Advances in Applied Mathematics},
year = {2008},
volume = {40},
number = {2},
pages = {180--193},
month = feb
}

@book{Anonymous:2003uc,
title = {{Analysis of Survey Data}},
publisher = {John Wiley {\&} Sons, Ltd},
year = {2003},
address = {Chichester, UK},
month = mar
}

@article{Blume:2003ed,
author = {Blume, Jeffrey and Peipert, Jeffrey F},
title = {{What Your Statistician Never Told You about P-Values}},
journal = {The Journal of the American Association of Gynecologic Laparoscopists},
year = {2003},
volume = {10},
number = {4},
pages = {439--444},
month = nov
}

@article{Xanthakis:2014bl,
author = {Xanthakis, Vanessa and Sullivan, Lisa M and Vasan, Ramachandran S and Benjamin, Emelia J and Massaro, Joseph M and D'Agostino Sr., Ralph B and Pencina, Michael J},
title = {{Assessing the incremental predictive performance of novel biomarkers over standard predictors}},
journal = {Statistics in medicine},
year = {2014},
volume = {33},
number = {15},
pages = {2577--2584},
month = apr
}

@article{Rubin:1978bv,
author = {Rubin, Donald B},
title = {{Bayesian Inference for Causal Effects: The Role of Randomization}},
journal = {The Annals of Statistics},
year = {1978},
volume = {6},
number = {1},
pages = {34--58}
}

@article{Baker:2014io,
author = {Baker, Stuart G and Schuit, Ewoud and Steyerberg, Ewout W and Pencina, Michael J and Vickers, Andew and Moons, Karel G M and Mol, Ben W J and Lindeman, Karen S},
title = {{How to interpret a small increase in AUC with an additional risk prediction marker: decision analysis comes through}},
journal = {Statistics in Medicine},
year = {2014},
volume = {33},
number = {22},
pages = {3946--3959},
month = may
}

@book{Harrell:1990uq,
author = {Harrell, F E and Lee, K L},
title = {{Using logistic model calibration to assess the quality of probability predictions}},
publisher = {Division of Biometry},
year = {1990}
}

@article{Merl:2009ki,
author = {Merl, Daniel and Johnson, Leah R and Gramacy, Robert B and Mangel, Marc},
title = {{A Statistical Framework for the Adaptive Management of Epidemiological Interventions}},
journal = {PloS one},
year = {2009},
volume = {4},
number = {6},
pages = {e5807},
month = jun
}

@article{Vickers:2014bx,
author = {Vickers, Andrew J and Edwards, Kelly and Cooperberg, Matthew R and Mushlin, Alvin I},
title = {{A Simple Schema for Informed Decision Making About Prostate Cancer Screening}},
journal = {Annals of Internal Medicine},
year = {2014},
volume = {161},
number = {6},
pages = {441},
month = sep
}

@article{Vickers:2011bq,
author = {Vickers, A J},
title = {{Prediction Models: Revolutionary in Principle, But Do They Do More Good Than Harm?}},
journal = {Journal of Clinical Oncology},
year = {2011},
volume = {29},
number = {22},
pages = {2951--2952},
month = jul
}

@article{Shalet:2003jl,
author = {Shalet, Stephen M and Shavrikova, Elena and Cromer, Morris and Child, Christopher J and Keller, Eberhard and Zapletalova, Jirina and Moshang, Thomas and Blum, Werner F and Chipman, John J and Quigley, Charmian A and Attanasio, Andrea F},
title = {{Effect of Growth Hormone (GH) Treatment on Bone in Postpubertal GH-Deficient Patients: A 2-Year Randomized, Controlled, Dose-Ranging Study}},
journal = {The Journal of Clinical Endocrinology {\&} Metabolism},
year = {2003},
volume = {88},
number = {9},
pages = {4124--4129},
month = sep
}

@article{Anonymous:OvaR0iyH,
title = {{MISSION-AIMS}},
year = {2018},
pages = {1--11},
month = nov
}

@article{Attanasio:2002in,
author = {Attanasio, Andrea F and Howell, Simon and Bates, Peter C and Frewer, Paul and Chipman, John and Blum, Werner F and Shalet, Stephen M},
title = {{Body Composition, IGF-I and IGFBP-3 Concentrations as Outcome Measures in Severely GH-Deficient (GHD) Patients after Childhood GH Treatment: A Comparison with Adult Onset GHD Patients}},
journal = {The Journal of Clinical Endocrinology {\&} Metabolism},
year = {2002},
volume = {87},
number = {7},
pages = {3368--3372},
month = jul
}

@article{Zheng:2013hy,
author = {Zheng, Yingye and Parast, Layla and Cai, Tianxi and Brown, Marshall},
title = {{Evaluating incremental values from new predictors with net reclassification improvement in survival analysis}},
journal = {Lifetime Data Analysis},
year = {2012},
volume = {19},
number = {3},
pages = {350--370},
month = dec
}

@article{Anonymous:XyZkCQCO,
title = {{Sec 4 - RS-POLICY}},
year = {2018},
pages = {1--3},
month = nov
}

@article{Greenland:2016kw,
author = {Greenland, Sander and Senn, Stephen J and Rothman, Kenneth J and Carlin, John B and Poole, Charles and Goodman, Steven N and Altman, Douglas G},
title = {{Statistical tests, P values, confidence intervals, and power: a guide to misinterpretations}},
journal = {European Journal of Epidemiology},
year = {2016},
volume = {31},
number = {4},
pages = {337--350},
month = may
}

@article{Anonymous:bocePNw0,
author = {B, R Tibshirani Journal of the Royal Statistical Society Series and {2011}},
title = {{Regression shrinkage and selection via the lasso: a retrospective}},
journal = {Journal of the Royal Statistical Society Series B},
year = {1996},
volume = {58},
number = {1},
pages = {267--288}
}

@article{Canary:2016ek,
author = {Canary, Jana D and Blizzard, Leigh and Barry, Ronald P and Hosmer, David W and Quinn, Stephen J},
title = {{Summary goodness-of-fit statistics for binary generalized linear models with noncanonical link functions.}},
journal = {Biometrical journal. Biometrische Zeitschrift},
year = {2016},
volume = {58},
number = {3},
pages = {674--690},
month = may
}

@article{Anonymous:-PUN4GRb,
author = {Van Hoorde, K and Van Huffel, S and Timmerman, D and Bourne, T and Van Calster, B},
title = {{A spline-based tool to assess and visualize the calibration of multiclass risk predictions}},
journal = {Journal of Biomedical Informatics},
year = {2015},
volume = {54},
pages = {283--293},
month = apr
}

@article{Vedder:2014gk,
author = {Vedder, Moniek M and de Bekker-Grob, Esther W and Lilja, Hans G and Vickers, Andrew J and van Leenders, Geert J L H and Steyerberg, Ewout W and Roobol, Monique J},
title = {{The Added Value of Percentage of Free to Total Prostate-specific Antigen, PCA3, and a Kallikrein Panel to the ERSPC Risk Calculator for Prostate Cancer in Prescreened Men}},
journal = {European urology},
year = {2014},
volume = {66},
number = {6},
pages = {1109--1115},
month = dec
}

@article{Pocock:2016ey,
author = {Pocock, Stuart J and Stone, Gregg W},
title = {{The Primary Outcome Fails - What Next?}},
journal = {New England Journal of Medicine},
year = {2016},
volume = {375},
number = {9},
pages = {861--870},
month = sep
}

@article{Borly:2009ij,
author = {Borly, L},
title = {{Preoperative Prediction Model of Outcome after Cholecystectomy for Symptomatic Gallstones}},
journal = {Scandinavian Journal of Gastroenterology},
year = {2009},
volume = {34},
number = {11},
pages = {1144--1152},
month = jul
}

@article{Yang:ty,
author = {Yang, D and Forum, JE Dalton SAS Global and {2012}},
title = {{A unified approach to measuring the effect size between two groups using SAS{\textregistered}}},
journal = {lerner.ccf.org
}
}

@article{Hacking:1988cn,
author = {Hacking, I},
title = {{Telepathy: Origins of randomization in experimental design}},
journal = {Isis},
year = {1988}
}

@article{Armitage:1982ji,
author = {Armitage, Peter},
title = {{The role of randomization in clinical trials}},
journal = {Statistics in medicine},
year = {1982},
volume = {1},
number = {4},
pages = {345--352}
}

@article{AMBERSON:1931wk,
author = {AMBERSON, J B Jr},
title = {{A clinical trial of sanocrysin in pulmonary tuberculosis}},
journal = {American Review of Tuberculosis},
year = {1931},
volume = {24},
pages = {401--435}
}

@article{Wang:2011kr,
author = {Wang, Sue-Jane and Blume, Jeffrey D},
title = {{An evidential approach to non-inferiority clinical trials}},
journal = {Pharmaceutical Statistics},
year = {2011},
volume = {10},
number = {5},
pages = {440--447},
month = sep
}

@article{Tan:2011gu,
author = {Tan, Ming T and Xiong, Xiaoping},
title = {{A flexible multi-stage design for phase II oncology trials.}},
journal = {Pharmaceutical Statistics},
year = {2011},
volume = {10},
number = {4},
pages = {369--373},
month = jul
}

@article{Hewitt:2006ht,
author = {Hewitt, C E},
title = {{Is restricted randomisation necessary?}},
journal = {BMJ},
year = {2006},
volume = {332},
number = {7556},
pages = {1506--1508},
month = jun
}

@incollection{Davidson:2006cf,
author = {Davidson, Ian and Fan, Wei},
title = {{When Efficient Model Averaging Out-Performs Boosting and Bagging}},
booktitle = {Knowledge Discovery in Databases: PKDD 2006},
year = {2006},
pages = {478--486},
publisher = {Springer Berlin Heidelberg},
address = {Berlin, Heidelberg}
}

@article{Cutler:2004tg,
author = {Cutler Jr., Gordon B and Chipman, John J},
title = {{Treatment of hypopituitary children}},
journal = {The Journal of Pediatrics},
year = {2004},
volume = {144},
number = {4},
pages = {415--416},
month = apr
}

@article{Anonymous:1994wl,
title = {{A randomized trial of beta-blockade in heart failure. The Cardiac Insufficiency Bisoprolol Study (CIBIS). CIBIS Investigators and Committees.}},
journal = {Circulation},
year = {1994},
volume = {90},
number = {4},
pages = {1765--1773},
month = oct
}

@article{Hu:2014jm,
author = {Hu, Feifang and Hu, Yanqing and Ma, Zhenjun and Rosenberger, William F},
title = {{Adaptive randomization for balancing over covariates}},
journal = {Wiley Interdisciplinary Reviews: Computational Statistics},
year = {2014},
volume = {6},
number = {4},
pages = {288--303},
month = jul
}

@article{Katki:2007fs,
author = {Katki, Hormuzd A},
title = {{Incorporating medical interventions into carrier probability estimation for genetic counseling}},
journal = {BMC Medical Genetics},
year = {2007},
volume = {8},
number = {1},
pages = {126},
month = mar
}

@article{Silber:2016gm,
author = {Silber, Jeffrey H and Cnaan, Avital and Clark, Bernard J and Paridon, Stephen M and Chin, Alvin J and Rychik, Jack and Hogarty, Alexa N and Cohen, Mitchell I and Barber, Gerald and Rutkowski, Monika and Kimball, Thomas R and Delaat, Cynthia and Steinherz, Laurel J and Zhao, Huaqing},
title = {{Enalapril to Prevent Cardiac Function Decline in Long-Term Survivors of Pediatric Cancer Exposed to Anthracyclines}},
journal = {Journal of Clinical Oncology},
year = {2016},
volume = {22},
number = {5},
pages = {820--828},
month = sep
}

@article{Steyerberg:2001fd,
author = {Steyerberg, Ewout W and Harrell Jr, Frank E and Borsboom, Gerard J J M and Eijkemans, M J C and Vergouwe, Yvonne and Habbema, J Dik F},
title = {{Internal validation of predictive models}},
journal = {Journal of Clinical Epidemiology},
year = {2001},
volume = {54},
number = {8},
pages = {774--781},
month = aug
}

@article{Leening:2013ks,
author = {Leening, Maarten J G and Cook, Nancy R},
title = {{Net reclassification improvement: a link between statistics and clinical practice}},
journal = {European Journal of Epidemiology},
year = {2013},
volume = {28},
number = {1},
pages = {21--23},
month = jan
}

@article{Uno:2012jc,
author = {Uno, Hajime and Tian, Lu and Cai, Tianxi and Kohane, Isaac S and Wei, L J},
title = {{A unified inference procedure for a class of measures to assess improvement in risk prediction systems with survival data}},
journal = {Statistics in medicine},
year = {2012},
volume = {32},
number = {14},
pages = {2430--2442},
month = oct
}

@article{Cornfield:1951wt,
author = {Cornfield, J},
title = {{A method of estimating comparative rates from clinical data; applications to cancer of the lung, breast, and cervix.}},
journal = {JNCI Journal of the National Cancer Institute},
year = {1951},
volume = {11},
number = {6},
pages = {1269--1275},
month = jun
}

@article{Chambless:2011hn,
author = {Chambless, Lloyd E and Cummiskey, Christopher P and Cui, Gang},
title = {{Several methods to assess improvement in risk prediction models: Extension to survival analysis}},
journal = {Statistics in medicine},
year = {2010},
volume = {30},
number = {1},
pages = {22--38},
month = sep
}

@article{Vickers:2014gt,
author = {Vickers, A J},
title = {{Markers for the Early Detection of Prostate Cancer: Some Principles for Statistical Reporting and Interpretation}},
journal = {Journal of Clinical Oncology},
year = {2014},
volume = {32},
number = {36},
pages = {4033--4034},
month = dec
}

@article{Rosenberger:2008cm,
author = {Rosenberger, W F and Sverdlov, O},
title = {{Handling covariates in the design of clinical trials}},
year = {2008}
}

@article{Korn:1991kj,
author = {Korn, Edward L and Simon, Richard},
title = {{Explained Residual Variation, Explained Risk, and Goodness of Fit}},
journal = {The American statistician},
year = {1991},
volume = {45},
number = {3},
pages = {201--206},
month = aug
}

@article{Viallon:2011bj,
author = {Viallon, Vivian and Latouche, Aurelien},
title = {{Discrimination measures for survival outcomes: Connection between the AUC and the predictiveness curve}},
journal = {Biometrical Journal},
year = {2011},
volume = {53},
number = {2},
pages = {217--236},
month = feb
}

@article{VanCalster:2010ki,
author = {Van Calster, Ben and Van Huffel, Sabine},
title = {{Integrated discrimination improvement and probability-sensitive AUC variants}},
journal = {Statistics in medicine},
year = {2010},
volume = {29},
number = {2},
pages = {318--319},
month = jan
}

@article{Pepe:2007ku,
author = {Pepe, M S and Feng, Z and Gu, J W},
title = {{Comments on {\textquoteleft}Evaluating the added predictive ability of a new marker: From area under the ROC curve to reclassification and beyond{\textquoteright} by M. J. Pencinaet al.,Statistics in Medicine (DOI: 10.1002/sim.2929)}},
journal = {Statistics in medicine},
year = {2007},
volume = {27},
number = {2},
pages = {173--181}
}

@article{Wang:2016ff,
author = {Wang, Hao and Rosner, Gary L and Goodman, Steven N},
title = {{Quantifying over-estimation in early stopped clinical trials and the "freezing effect" on subsequent research.}},
journal = {Clinical trials (London, England)},
year = {2016},
volume = {13},
number = {6},
pages = {621--631},
month = dec
}

@article{Mihalcik:vl,
author = {Mihalcik, S A and Chipman, J J and radiation, MG Sanda Practical and {2018}},
title = {{Predicting erectile function following external beam radiation therapy or brachytherapy for prostate cancer using EPIC-CP}},
journal = {practicalradonc.org
}
}

@article{Little:2013hj,
author = {Little, Roderick J},
title = {{In Praise of Simplicity not Mathematistry! Ten Simple Powerful Ideas for the Statistical Scientist}},
journal = {Journal of the American Statistical Association},
year = {2013},
volume = {108},
number = {502},
pages = {359--369},
month = jun
}

@article{Pocock:2015cf,
author = {Pocock, Stuart J and Clayton, Tim C and Stone, Gregg W},
title = {{Challenging Issues in Clinical Trial Design: Part 4 of a 4-Part Series on Statistics for Clinical Trials.}},
journal = {Journal of the American College of Cardiology},
year = {2015},
volume = {66},
number = {25},
pages = {2886--2898},
month = dec
}

@article{DAgostino:2007cp,
author = {D'Agostino, R B},
title = {{Propensity Scores in Cardiovascular Research}},
journal = {Circulation},
year = {2007},
volume = {115},
number = {17},
pages = {2340--2343},
month = may
}

@article{Cook:hm,
author = {Cook, Nancy R},
title = {{Comment: Measures to Summarize and Compare the Predictive Capacity of Markers}},
journal = {The international journal of biostatistics},
volume = {6},
number = {1}
}

@article{Lawless:2009ff,
author = {Lawless, Jerald F and Yuan, Yan},
title = {{Estimation of prediction error for survival models}},
journal = {Statistics in medicine},
year = {2009},
pages = {n/a--n/a}
}

@article{Berger:2004fq,
author = {Berger, Vance W and Weinstein, Sherri},
title = {{Ensuring the comparability of comparison groups: is randomization enough?}},
journal = {Controlled Clinical Trials},
year = {2004},
volume = {25},
number = {5},
pages = {515--524},
month = oct
}

@misc{TheFallacyofPlaci:il,
title = {{The Fallacy of Placing Confidence in Confidence Intervals}},
author = {Morey, Richard and Wagenmakers, Eric-Jan and Hoekstra, Rink and Rouder, Jeffrey and Lee, Michael D}
}

@article{Chipman:2016bp,
author = {Chipman, J and Braun, D},
title = {{Simpson's paradox in the integrated discrimination improvement}},
journal = {Statistics in medicine},
year = {2016},
volume = {36},
number = {28},
pages = {n/a--n/a},
month = jan
}

@article{Berger:2003im,
author = {Berger, Vance W and Ivanova, Anastasia and Deloria Knoll, Maria},
title = {{Minimizing predictability while retaining balance through the use of less restrictive randomization procedures}},
journal = {Statistics in medicine},
year = {2003},
volume = {22},
number = {19},
pages = {3017--3028}
}

@article{Benedetto:2014jh,
author = {Benedetto, Umberto and Raja, Shahzad G},
title = {{Scoring system to guide decision making for the use of gentamicin-impregnated collagen sponge to prevent deep sternal wound infection}},
journal = {The Journal of Thoracic and Cardiovascular Surgery},
year = {2014},
volume = {148},
number = {5},
pages = {2390--2396.e1},
month = nov
}

@article{Pajewski:2016fm,
author = {Pajewski, Nicholas M and Williamson, Jeff D and Applegate, William B and Berlowitz, Dan R and Bolin, Linda P and Chertow, Glenn M and Krousel-Wood, Marie A and Lopez-Barrera, Nieves and Powell, James R and Roumie, Christianne L and Still, Carolyn and Sink, Kaycee M and Tang, Rocky and Wright, Clinton B and Supiano, Mark A and {for the SPRINT Study Research Group}},
title = {{Characterizing Frailty Status in the Systolic Blood Pressure Intervention Trial}},
journal = {The Journals of Gerontology Series A: Biological Sciences and Medical Sciences},
year = {2016},
volume = {71},
number = {5},
pages = {649--655},
month = apr
}

@article{TheSPRINTResearchGroup:2015dw,
author = {{The SPRINT Research Group}},
title = {{A Randomized Trial of Intensive versus Standard Blood-Pressure Control}},
journal = {New England Journal of Medicine},
year = {2015},
volume = {373},
number = {22},
pages = {2103--2116},
month = nov
}

@article{Hanley:2003bh,
author = {Hanley, J A},
title = {{How long did their hearts go on? A Titanic study}},
journal = {BMJ},
year = {2003},
volume = {327},
number = {7429},
pages = {1457--1458},
month = dec
}

@article{Anonymous:3lX1wleJ,
author = {Cook, Nancy R},
title = {{Advances in Measuring the Effect of Individual Predictors of Cardiovascular Risk: The Role of Reclassification Measures}},
journal = {Annals of Internal Medicine},
year = {2009},
volume = {150},
number = {11},
pages = {795},
month = jun
}

@article{Lange:1985gp,
author = {Lange, Nicholas and MacIntyre, John},
title = {{A computerized patient registration and treatment randomization system for multi-institutional clinical trials}},
journal = {Controlled Clinical Trials},
year = {1985},
volume = {6},
number = {1},
pages = {38--50},
month = mar
}

@article{Li:2010cq,
author = {Li, Lingling and Kulldorff, Martin},
title = {{A conditional maximized sequential probability ratio test for pharmacovigilance.}},
journal = {Statistics in medicine},
year = {2010},
volume = {29},
number = {2},
pages = {284--295},
month = jan
}

@article{Ross:2011bo,
author = {Ross, Judith L and Quigley, Charmian A and Cao, Dachuang and Feuillan, Penelope and Kowal, Karen and Chipman, John J and Cutler Jr., Gordon B},
title = {{Growth Hormone plus Childhood Low-Dose Estrogen in Turner's Syndrome}},
journal = {New England Journal of Medicine},
year = {2011},
volume = {364},
number = {13},
pages = {1230--1242},
month = mar
}

@book{Berger:2010ue,
author = {Berger, V W},
title = {{Minimization, by its nature, precludes allocation concealment, and invites selection bias}},
publisher = {Contemporary clinical trials},
year = {2010}
}

@article{Leening:2014ve,
author = {Leening, Maarten J G and Vedder, Moniek M and Witteman, Jacqueline C M and Pencina, Michael J and Steyerberg, Ewout W},
title = {{Net Reclassification Improvement: Computation, Interpretation, and Controversies}},
journal = {Annals of Internal Medicine},
year = {2014},
volume = {160},
number = {2},
pages = {122--131},
month = jan
}

@article{Shintani:2009fk,
author = {Shintani, Ayumi K and Girard, Timothy D and Eden, Svetlana K and Arbogast, Patrick G and Moons, Karel G M and Ely, E Wesley},
title = {{Immortal time bias in critical care research: Application of time-varying Cox regression for observational cohort studies*}},
journal = {Critical care medicine},
year = {2009},
volume = {37},
number = {11},
pages = {2939--2945},
month = nov
}

@article{Bossuyt:2006cw,
author = {Bossuyt, P M},
title = {{Comparative accuracy: assessing new tests against existing diagnostic pathways}},
journal = {BMJ},
year = {2006},
volume = {332},
number = {7549},
pages = {1089--1092},
month = may
}

@book{Anonymous:NJHE7Xi9,
title = {{R package version
}}
}

@article{DAgostino:2003bn,
author = {D'Agostino, Ralph B and Massaro, Joseph M and Sullivan, Lisa M},
title = {{Non-inferiority trials: design concepts and issues - the encounters of academic consultants in statistics}},
journal = {Statistics in medicine},
year = {2003},
volume = {22},
number = {2},
pages = {169--186}
}

@article{Nelson:2009fs,
author = {Nelson, Harold S and Busse, William W and Sanger, Mary and Cutler, Gordon and Ellwanger, Colleen and Chipman, John J},
title = {{Short-term safety of somatropin inhalation powder in adults with mild to moderate asthma}},
journal = {Allergy and Asthma Proceedings},
year = {2009},
volume = {30},
number = {3},
pages = {325--332},
month = may
}

@techreport{Anonymous:2016tz,
title = {{ACCRE: SLURM}},
year = {2016}
}

@book{lohr2009sampling,
author = {Lohr, S},
title = {{Sampling: design and analysis}},
year = {2009}
}

@article{Pepe:2011bf,
author = {Pepe, M S},
title = {{Problems With Risk Reclassification Methods for Evaluating Prediction Models}},
journal = {American Journal of Epidemiology},
year = {2011},
volume = {173},
number = {11},
pages = {1327--1335},
month = may
}

@article{Tai:2008gt,
author = {Tai, Yu Chuan and Chen, Sining and Parmigiani, Giovanni and Klein, Alison P},
title = {{Incorporating tumor immunohistochemical markers in BRCA1 and BRCA2 carrier prediction}},
journal = {Breast Cancer Research},
year = {2008},
volume = {10},
number = {2},
pages = {5175},
month = mar
}

@article{Jiang:2007bj,
author = {Jiang, Wenyu and Simon, Richard},
title = {{A comparison of bootstrap methods and an adjusted bootstrap approach for estimating the prediction error in microarray classification}},
journal = {Statistics in medicine},
year = {2007},
volume = {26},
number = {29},
pages = {5320--5334}
}

@article{Joffe:1999fe,
author = {Joffe, Marshall M and Rosenbaum, Paul R},
title = {{Invited Commentary: Propensity Scores}},
journal = {American Journal of Epidemiology},
year = {1999},
volume = {150},
number = {4},
pages = {327--333},
month = aug
}

@article{Harrell:1982uv,
author = {Harrell, F E},
title = {{Evaluating the yield of medical tests}},
journal = {JAMA: The Journal of the American Medical Association},
year = {1982},
volume = {247},
number = {18},
pages = {2543--2546},
month = may
}

@article{Nick:1999dz,
author = {Nick, T G and Hardin, J M},
title = {{Regression Modeling Strategies: An Illustrative Case Study From Medical Rehabilitation Outcomes Research}},
journal = {American Journal of Occupational Therapy},
year = {1999},
volume = {53},
number = {5},
pages = {459--470},
month = sep
}

@article{Anonymous:jjVLtlRp,
title = {{Statistical Modeling: The Two Cultures}},
year = {2001},
pages = {1--33},
month = dec
}

@article{Steyerberg:2008cp,
author = {Steyerberg, E W and Vickers, A J},
title = {{Decision Curve Analysis: A Discussion}},
journal = {Medical Decision Making},
year = {2007},
volume = {28},
number = {1},
pages = {146--149},
month = jul
}

@incollection{Steyerberg:2008hu,
author = {Steyerberg, E W},
title = {{Patterns of external validity}},
booktitle = {Clinical Prediction Models},
year = {2008},
pages = {335--360},
publisher = {Springer New York},
address = {New York, NY},
month = sep
}

@article{Heagerty:2005ia,
author = {Heagerty, Patrick J and Zheng, Yingye},
title = {{Survival model predictive accuracy and ROC curves.}},
journal = {Biometrics},
year = {2005},
volume = {61},
number = {1},
pages = {92--105},
month = mar
}

@article{Berchialla:2018bk,
author = {Berchialla, Paola and Gregori, Dario and Baldi, Ileana},
title = {{The Role of Randomization in Bayesian and Frequentist Design of Clinical Trial}},
journal = {Topoi},
year = {2018},
volume = {76},
number = {4},
pages = {479},
month = feb
}

@book{Anonymous:1-AM9NHE,
title = {{Chapman {\&} Hall/CRC Biostatistics Series}}
}

@book{Anonymous:ur,
title = {{Using Propensity Scores in Quasi-Experimental Designs}},
publisher = {SAGE Publications, Ltd},
address = {1 Oliver's Yard,~55 City Road~London~EC1Y 1SP~}
}

@article{Pickle:1991th,
author = {Callanan, Terrance P and Harville, David A},
title = {{Some new algorithms for computing restricted maximum likelihood estimates of variance components}},
journal = {Journal of Statistical Computation and Simulation},
year = {1991},
volume = {38},
number = {1-4},
pages = {239--259},
month = may
}

@incollection{Andrew:2013un,
author = {Bolstad, William M and Curran, James M},
title = {{Displaying and Summarizing Data}},
booktitle = {Introduction to Bayesian Statistics, Third Edition},
year = {2016},
pages = {31--57},
publisher = {John Wiley {\&} Sons, Inc.},
address = {Hoboken, NJ, USA},
month = sep
}

@article{Zelen:1979th,
author = {Zelen, Marvin},
title = {{A New Design for Randomized Clinical Trials}},
journal = {New England Journal of Medicine},
year = {1979},
volume = {300},
number = {22},
pages = {1242--1245},
month = may
}

@article{Pencina:2007kj,
author = {Pencina, Michael J and D' Agostino, Ralph B and Vasan, Ramachandran S},
title = {{Evaluating the added predictive ability of a new marker: From area under the ROC curve to reclassification and beyond}},
journal = {Statistics in medicine},
year = {2007},
volume = {27},
number = {2},
pages = {157--172}
}

@article{Anonymous:tKW1fHL5,
title = {{1984 Begg Kalish Biometrics - Treatment allocation for nonlinear models}},
year = {2017},
pages = {1--13},
month = aug
}

@article{Anonymous:R6X4eV5t,
title = {{The Second Century of Brigham Young University}},
year = {2015},
pages = {1--9},
month = oct
}

@article{Anonymous:LQCphsyt,
title = {{On the Probability of Observing Misleading Evidence in Sequential Trials}},
year = {1999},
pages = {1--152},
month = oct
}

@article{Steyerberg:2014iv,
author = {Steyerberg, Ewout W and Vedder, Moniek M and Leening, Maarten J G and Postmus, Douwe and D'Agostino Sr., Ralph B and Van Calster, Ben and Pencina, Michael J},
title = {{Graphical assessment of incremental value of novel markers in prediction models: From statistical to decision analytical perspectives}},
journal = {Biometrical Journal},
year = {2014},
volume = {57},
number = {4},
pages = {556--570},
month = jul
}

@article{Li:2013cd,
author = {Li, J and Jiang, B and Fine, J P},
title = {{Multicategory reclassification statistics for assessing improvements in diagnostic accuracy}},
journal = {Biostatistics (Oxford, England)},
year = {2013},
volume = {14},
number = {2},
pages = {382--394},
month = mar
}

@article{Baiocchi:2017cx,
author = {Baiocchi, Michael and Omondi, Benjamin and Langat, Nickson and Boothroyd, Derek B and Sinclair, Jake and Pavia, Lee and Mulinge, Munyae and Githua, Oscar and Golden, Neville H and Sarnquist, Clea},
title = {{A Behavior-Based Intervention That Prevents Sexual Assault: the Results of a Matched-Pairs, Cluster-Randomized Study in Nairobi, Kenya.}},
journal = {Prevention science : the official journal of the Society for Prevention Research},
year = {2017},
volume = {18},
number = {7},
pages = {818--827},
month = oct
}

@article{Pepe:2014iq,
author = {Pepe, M S and Janes, H and Li, C I},
title = {{Net Risk Reclassification P Values: Valid or Misleading?}},
journal = {JNCI Journal of the National Cancer Institute},
year = {2014},
volume = {106},
number = {4},
pages = {dju041--dju041},
month = apr
}

@article{Wennemann:2011ea,
author = {Wennemann, R and Bouanane, M and Liebeton, J and S{\"u}rmeci, G and Trappe, H},
title = {{Incidence of Patients with Deep Vein Thrombosis and Pulmonary Embolism in Elevated D-Dimer Levels}},
journal = {Ultrasound in Medicine {\&} Biology},
year = {2011},
volume = {37},
number = {8},
pages = {S160},
month = aug
}

@article{Li:2010dx,
author = {Li, Caixia and Lu, Ying},
title = {{Evaluating the improvement in diagnostic utility from adding new predictors}},
journal = {Biometrical Journal},
year = {2010},
volume = {52},
number = {3},
pages = {417--435},
month = may
}

@article{Leschek:2004wb,
author = {Leschek, Ellen Werber and Rose, Susan R and Yanovski, Jack A and Troendle, James F and Quigley, Charmian A and Chipman, John J and Crowe, Brenda J and Ross, Judith L and Cassorla, Fernando G and Blum, Werner F and Cutler Jr., Gordon B and Baron, Jeffrey},
title = {{Effect of Growth Hormone Treatment on Adult Height in Peripubertal Children with Idiopathic Short Stature: A Randomized, Double-Blind, Placebo-Controlled Trial}},
journal = {The Journal of Clinical Endocrinology {\&} Metabolism},
year = {2004},
volume = {89},
number = {7},
pages = {3140--3148},
month = jul
}

@article{Eisenstein:2008dj,
author = {Eisenstein, Eric L and Collins, Rory and Cracknell, Beena S and Podesta, Oscar and Reid, Elizabeth D and Sandercock, Peter and Shakhov, Yuriy and Terrin, Michael L and Sellers, Mary Ann and Califf, Robert M and Granger, Christopher B and Diaz, Rafael},
title = {{Sensible approaches for reducing clinical trial costs:}},
journal = {Clinical Trials},
year = {2008},
volume = {5},
number = {1},
pages = {75--84},
month = feb
}

@article{Johnston:2006ju,
author = {Johnston, S Claiborne and Rootenberg, John D and Katrak, Shereen and Smith, Wade S and Elkins, Jacob S},
title = {{Effect of a US National Institutes of Health programme of clinical trials on public health and costs.}},
journal = {Lancet (London, England)},
year = {2006},
volume = {367},
number = {9519},
pages = {1319--1327},
month = apr
}

@article{Kass:2012vb,
author = {Kass, Robert E and Raftery, Adrian E},
title = {{Bayes Factors}},
journal = {Journal of the American Statistical Association},
year = {1995},
volume = {90},
number = {430},
pages = {773--795},
month = jun
}

@article{Kerr:2011kn,
author = {Kerr, K F and McClelland, R L and Brown, E R and Lumley, T},
title = {{Evaluating the Incremental Value of New Biomarkers With Integrated Discrimination Improvement}},
journal = {American Journal of Epidemiology},
year = {2011},
volume = {174},
number = {3},
pages = {364--374},
month = jul
}

@article{Hall:2007fi,
author = {Hall, Nancy S},
title = {{R. A. Fisher and his advocacy of randomization}},
journal = {Journal of the History of Biology},
year = {2007},
volume = {40},
number = {2},
pages = {295--325}
}

@article{Steyerberg:2011gu,
author = {Steyerberg, Ewout W and Pencina, Michael J and Lingsma, Hester F and Kattan, Michael W and Vickers, Andrew J and Van Calster, Ben},
title = {{Assessing the incremental value of diagnostic and prognostic markers: a review and illustration}},
journal = {European Journal of Clinical Investigation},
year = {2011},
volume = {42},
number = {2},
pages = {216--228},
month = jul
}

@article{Hellevik:2009bt,
author = {Hellevik, Ottar},
title = {{Linear versus logistic regression when the dependent variable is a dichotomy}},
journal = {Quality {\&} Quantity},
year = {2007},
volume = {43},
number = {1},
pages = {59--74},
month = feb
}

@article{Blume:SGPV,
author = {Blume, Jeffrey D and DAgostino McGowan, Lucy and Dupont, William D and Greevy Jr., Robert A},
title = {{Second-generation p-values: Improved rigor, reproducibility, {\&} transparency in statistical analyses}},
journal = {PloS one},
year = {2018},
volume = {13},
number = {3},
pages = {e0188299 EP --},
month = mar
}

@article{Mihaescu:2010fb,
author = {Mihaescu, R and van Zitteren, M and van Hoek, M and Sijbrands, E J G and Uitterlinden, A G and Witteman, J C M and Hofman, A and Hunink, M G M and van Duijn, C M and Janssens, A C J W},
title = {{Improvement of Risk Prediction by Genomic Profiling: Reclassification Measures Versus the Area Under the Receiver Operating Characteristic Curve}},
journal = {American Journal of Epidemiology},
year = {2010},
volume = {172},
number = {3},
pages = {353--361},
month = jul
}

@article{Atkinson:1999hq,
author = {Medicine, AC Atkinson Statistics in and {1999}},
title = {{Optimum biased-coin designs for sequential treatment allocation with covariate information (With Discussion)}},
journal = {Journal of the Royal Statistical Society Series B},
year = {1999},
volume = {18},
number = {14},
pages = {1753--1755},
month = jul,
annote = {doi: 10.1002/(SICI)1097-0258(19990730)18:14<1753::AID-SIM211>3.0.CO;2-5}
}

@article{Anonymous:pln-KA5W,
title = {{TUTORIAL IN BIOSTATISTICS PROPENSITY SCORE METHODS FOR BIAS REDUCTION IN THE COMPARISON OF A TREATMENT TO A NON-RANDOMIZED CONTROL GROUP}},
year = {1998},
pages = {1--17},
month = aug
}

@article{Austin:2009fv,
author = {Austin, Peter C},
title = {{The Relative Ability of Different Propensity Score Methods to Balance Measured Covariates Between Treated and Untreated Subjects in Observational Studies}},
journal = {Medical Decision Making},
year = {2009},
volume = {29},
number = {6},
pages = {661--677},
month = dec
}

@article{Anonymous:4IawlKwW,
title = {{CONFLICT-INTEREST}},
year = {2018},
pages = {1--8},
month = nov
}

@book{Hu:2006co,
author = {Hu, Feifang and Rosenberger, William F},
title = {{The Theory of Response-Adaptive Randomization in Clinical Trials}},
publisher = {John Wiley {\&} Sons, Inc.},
year = {2006},
series = {Hu/Response-Adaptive},
address = {Hoboken, NJ, USA},
month = apr
}

@article{Vickers:2008fu,
author = {Vickers, Andrew J},
title = {{Decision Analysis for the Evaluation of Diagnostic Tests, Prediction Models, and Molecular Markers}},
journal = {The American statistician},
year = {2008},
volume = {62},
number = {4},
pages = {314--320},
month = nov
}

@article{Greenland:2007go,
author = {Greenland, S},
title = {{Invited Commentary: Variable Selection versus Shrinkage in the Control of Multiple Confounders}},
journal = {American Journal of Epidemiology},
year = {2007},
volume = {167},
number = {5},
pages = {523--529},
month = dec
}

@article{Giudice:2011bh,
author = {Giudice, John H and Fieberg, John R and Lenarz, Mark S},
title = {{Spending degrees of freedom in a poor economy: A case study of building a sightability model for moose in northeastern Minnesota}},
journal = {The Journal of Wildlife Management},
year = {2011},
volume = {76},
number = {1},
pages = {75--87},
month = sep
}

@article{Bolland:2016dw,
author = {Bolland, Mark J and Avenell, Alison and Gamble, Greg D and Grey, Andrew},
title = {{Systematic review and statistical analysis of the integrity of 33 randomized controlled trials}},
journal = {Neurology},
year = {2016},
volume = {87},
number = {23},
pages = {2391--2402},
month = dec
}

@incollection{Robins:2000iu,
author = {Robins, James M},
title = {{Marginal Structural Models versus Structural nested Models as Tools for Causal inference}},
booktitle = {Statistical Models in Epidemiology, the Environment, and Clinical Trials},
year = {2000},
pages = {95--133},
publisher = {Springer New York},
address = {New York, NY}
}

@article{Cook:2011gk,
author = {Cook, Nancy R and Paynter, Nina P},
title = {{Comments on {\textquoteleft}Extensions of net reclassification improvement calculations to measure usefulness of new biomarkers{\textquoteright} by M. J. Pencina, R. B. D'Agostino, Sr. and E. W. Steyerberg}},
journal = {Statistics in medicine},
year = {2011},
volume = {31},
number = {1},
pages = {93--95},
month = feb
}

@article{McEntegart:2003ey,
author = {McEntegart, D J},
title = {{The Pursuit of Balance Using Stratified and Dynamic Randomization Techniques: An Overview}},
journal = {Drug Information Journal},
year = {2003},
volume = {37},
number = {3},
pages = {293--308},
month = jul
}

@book{Piantadosi:2005uc,
author = {Piantadosi, Steven},
title = {{Clinical Trials}},
publisher = {John Wiley {\&} Sons, Inc.},
year = {2005},
series = {A Methodologic Perspective},
address = {Hoboken, NJ, USA},
month = jul
}

@article{Snyder:2007jg,
author = {Snyder, Peter J and Biller, Beverly MK and Zagar, Anthony and Jackson, Ivor and Arafah, Baha M and Nippoldt, Todd B and Cook, David M and Mooradian, Arshag D and Kwan, Anita and Scism-Bacon, Jamie and Chipman, John J and Hartman, Mark L},
title = {{Effect of Growth Hormone Replacement on BMD in Adult-Onset Growth Hormone Deficiency}},
journal = {Journal of Bone and Mineral Research},
year = {2007},
volume = {22},
number = {5},
pages = {762--770},
month = feb
}

@article{Nicholas:2015gi,
author = {Nicholas, Katherine and Yeatts, Sharon D and Zhao, Wenle and Ciolino, Jody and Borg, Keith and Durkalski, Valerie},
title = {{The impact of covariate adjustment at randomization and analysis for binary outcomes: understanding differences between superiority and noninferiority trials}},
journal = {Statistics in medicine},
year = {2015},
volume = {34},
number = {11},
pages = {1834--1840},
month = feb
}

@article{Greevy:2004ke,
author = {Greevy, R and Lu, B and Silber, J H and Rosenbaum, P},
title = {{Optimal multivariate matching before randomization}},
journal = {Biostatistics (Oxford, England)},
year = {2004}
}

@article{Box:2012fg,
author = {Box, Joan Fisher},
title = {{R.A. Fisher and the Design of Experiments, 1922{\textendash}1926}},
journal = {The American statistician},
year = {2012},
volume = {34},
number = {1},
pages = {1--7},
month = mar
}

@article{Giannoni:2014fm,
author = {Giannoni, Alberto and Baruah, Resham and Leong, Tora and Rehman, Michaela B and Pastormerlo, Luigi Emilio and Harrell, Frank E and Coats, Andrew J S and Francis, Darrel P},
title = {{Do Optimal Prognostic Thresholds in Continuous Physiological Variables Really Exist? Analysis of Origin of Apparent Thresholds, with Systematic Review for Peak Oxygen Consumption, Ejection Fraction and BNP}},
journal = {PloS one},
year = {2014},
volume = {9},
number = {1},
pages = {e81699},
month = jan
}

@article{Li:2013ke,
author = {Li, Liang and Greene, Tom},
title = {{A weighting analogue to pair matching in propensity score analysis.}},
journal = {The international journal of biostatistics},
year = {2013},
volume = {9},
number = {2},
pages = {215--234},
month = jul
}

@article{Anonymous:OsVcL2zm,
title = {{Estimating Average Dose Response Functions Using the R Package causaldrf}},
year = {2015},
pages = {1--20},
month = nov
}

@incollection{Andrew:2013un,
author = {Bolstad, William M and Curran, James M},
title = {{Displaying and Summarizing Data}},
booktitle = {Introduction to Bayesian Statistics, Third Edition},
year = {2016},
pages = {31--57},
publisher = {John Wiley {\&} Sons, Inc.},
address = {Hoboken, NJ, USA},
month = sep
}

@article{Xiong:2003vd,
author = {Xiong, Xiaoping and Tan, Ming and Boyett, James},
title = {{Sequential conditional probability ratio tests for normalized test statistic on information time.}},
journal = {Biometrics},
year = {2003},
volume = {59},
number = {3},
pages = {624--631},
month = sep
}

@article{xiong1995class,
author = {Xiong, Xiaoping},
title = {{A Class of Sequential Conditional Probability Ratio Tests}},
journal = {Journal of the American Statistical Association},
year = {1995},
volume = {90},
number = {432},
pages = {1463--1473},
month = dec
}

@article{Farooq:2011kd,
author = {Farooq, Vasim and Brugaletta, Salvatore and Vranckx, Pascal and Serruys, Patrick},
title = {{A guide to interpreting and assessing the performance of prediction models}},
journal = {EuroIntervention},
year = {2011},
volume = {6},
number = {8},
pages = {909--912},
month = mar
}

@article{Chen:2014tr,
author = {Shi, Dawei and Chen, Tongwen and Shi, Ling},
title = {{Event-triggered maximum likelihood state estimation}},
journal = {Automatica},
year = {2014},
volume = {50},
number = {1},
pages = {247--254},
month = jan
}

@article{Walter:2017ga,
author = {Walter, S D and Han, H and Briel, M and Guyatt, G H},
title = {{Quantifying the bias in the estimated treatment effect in randomized trials having interim analyses and a rule for early stopping for futility.}},
journal = {Statistics in medicine},
year = {2017},
volume = {36},
number = {9},
pages = {1506--1518},
month = apr
}

@article{Proschan:2011jv,
author = {Proschan, Michael and Brittain, Erica and Kammerman, Lisa},
title = {{Minimize the Use of Minimization with Unequal Allocation}},
journal = {Biometrics},
year = {2011},
volume = {67},
number = {3},
pages = {1135--1141},
month = sep
}

@article{Rosenbaum:1984cj,
author = {Rosenbaum, Paul R and Rubin, Donald B},
title = {{Sensitivity of Bayes Inference with Data-Dependent Stopping Rules}},
journal = {The American statistician},
year = {1984},
volume = {38},
number = {2},
pages = {106--109},
month = may
}

@article{Collier:2009du,
author = {Collier, Roger},
title = {{Rapidly rising clinical trial costs worry researchers}},
journal = {CMAJ},
year = {2009},
volume = {180},
number = {3},
pages = {277--278},
month = feb
}

@article{Steyerberg:2011fx,
author = {Steyerberg, Ewout W and Calster, Ben Van and Pencina, Michael J},
title = {{Performance Measures for Prediction Models and Markers: Evaluation of Predictions and Classifications}},
journal = {Revista Espa{\~n}ola de Cardiolog{\'\i}a (English Edition)},
year = {2011},
volume = {64},
number = {9},
pages = {788--794},
month = sep
}

@article{Hilgers:2017dp,
author = {Hilgers, Ralf-Dieter and Uschner, Diane and Rosenberger, William F and Heussen, Nicole},
title = {{ERDO - a framework to select an appropriate randomization procedure for clinical trials.}},
journal = {BMC Medical Research Methodology},
year = {2017},
volume = {17},
number = {1},
pages = {159},
month = dec
}

@article{Janes:2008bg,
author = {Janes, Holly},
title = {{Assessing the Value of Risk Predictions by Using Risk Stratification Tables}},
journal = {Annals of Internal Medicine},
year = {2008},
volume = {149},
number = {10},
pages = {751},
month = nov
}

@article{Nattino:2016et,
author = {Nattino, Giovanni and Finazzi, Stefano and Bertolini, Guido},
title = {{A new test and graphical tool to assess the goodness of fit of logistic regression models}},
journal = {Statistics in medicine},
year = {2016},
volume = {35},
number = {5},
pages = {709--720},
month = feb
}

@book{Anonymous:1988vo,
title = {{Clinical Epidemiology and Biostatistics}},
publisher = {Springer Berlin Heidelberg},
year = {1988},
address = {Berlin, Heidelberg}
}

@article{Spiegelhalter:1994cn,
author = {Spiegelhalter, David J and Freedman, Laurence S and Parmar, Mahesh K B},
title = {{Bayesian Approaches to Randomized Trials}},
journal = {Journal of the Royal Statistical Society: Series A (Statistics in Society)},
year = {1994},
volume = {157},
number = {3},
pages = {357}
}

@article{Parmigiani:2007to,
author = {Parmigiani, Giovanni},
title = {{Validity of Models for Predicting BRCA1 and BRCA2 Mutations}},
journal = {Annals of Internal Medicine},
year = {2007},
volume = {147},
number = {7},
pages = {441},
month = oct
}

@article{Ware:1985td,
author = {Ware, J H and Muller, J E and Braunwald, E},
title = {{The futility index. An approach to the cost-effective termination of randomized clinical trials.}},
journal = {The American journal of medicine},
year = {1985},
volume = {78},
number = {4},
pages = {635--643},
month = apr
}

@article{Kamarudin:2017kz,
author = {Kamarudin, Adina Najwa and Cox, Trevor and Kolamunnage-Dona, Ruwanthi},
title = {{Time-dependent ROC curve analysis in medical research: current methods and applications.}},
journal = {BMC Medical Research Methodology},
year = {2017},
volume = {17},
number = {1},
pages = {53},
month = apr
}

@article{Steyerberg:2003fq,
author = {Steyerberg, Ewout W and Bleeker, Sacha E and Moll, Henri{\"e}tte A and Grobbee, Diederick E and Moons, Karel G M},
title = {{Internal and external validation of predictive models: A simulation study of bias and precision in small samples}},
journal = {Journal of Clinical Epidemiology},
year = {2003},
volume = {56},
number = {5},
pages = {441--447},
month = may
}

@book{Administration:1998vk,
author = {{Administration, Food and Drug}},
editor = {D'Agostino, Ralph B and Sullivan, Lisa and Massaro, Joseph},
title = {{Federal Register}},
publisher = {John Wiley {\&} Sons, Inc.},
year = {2007},
address = {Hoboken, NJ, USA},
month = mar
}

@article{Taves:1974hn,
author = {Taves, Donald R},
title = {{Minimization: A new method of assigning patients to treatment and control groups}},
journal = {Clinical Pharmacology {\&}amp; Therapeutics},
year = {1974},
volume = {15},
number = {5},
pages = {443--453},
month = may
}

@article{Carlin:1996dm,
author = {Carlin, B P and Sargent, D J},
title = {{Robust Bayesian approaches for clinical trial monitoring.}},
journal = {Statistics in medicine},
year = {1996},
volume = {15},
number = {11},
pages = {1093--1106},
month = jun
}

@article{Vickers:2013ev,
author = {Vickers, Andrew J and Acupuncture Trialists' Collaboration, for the},
title = {{Placing Acupuncture in Perspective{\textemdash}Reply}},
journal = {JAMA Internal Medicine},
year = {2013},
volume = {173},
number = {8},
pages = {713},
month = apr
}

@article{Pencina:2017hr,
author = {Pencina, Michael J and Chipman, Jonathan and Steyerberg, Ewout W and Braun, Danielle and Fine, Jason P and D'Agostino, Ralph B},
title = {{Authors' response to comments.}},
journal = {Statistics in medicine},
year = {2017},
volume = {36},
number = {28},
pages = {4511--4513},
month = dec
}

@article{Stern:2011bn,
author = {Stern, R H},
title = {{Re: "Improvement of Risk Prediction by Genomic Profiling: Reclassification Measures Versus the Area Under the Receiver Operating Characteristic Curve"}},
journal = {American Journal of Epidemiology},
year = {2011},
volume = {173},
number = {6},
pages = {714--714},
month = mar
}

@article{Zhu:2012ix,
author = {Zhu, Xiaoye and Albertsen, Peter C and Andriole, Gerald L and Roobol, Monique J and Schr{\"o}der, Fritz H and Vickers, Andrew J},
title = {{Risk-Based Prostate Cancer Screening}},
journal = {European urology},
year = {2012},
volume = {61},
number = {4},
pages = {652--661},
month = apr
}

@article{Bowen:2016iw,
author = {Bowen, Michael E and Cavanaugh, Kerri L and Wolff, Kathleen and Davis, Dianne and Gregory, Rebecca P and Shintani, Ayumi and Eden, Svetlana and Wallston, Ken and Elasy, Tom and Rothman, Russell L},
title = {{The diabetes nutrition education study randomized controlled trial: A comparative effectiveness study of approaches to nutrition in diabetes self-management education}},
journal = {Patient education and counseling},
year = {2016},
volume = {99},
number = {8},
pages = {1368--1376},
month = aug
}

@book{Anonymous:2011wi,
title = {{Acute Coronary Syndromes: A Companion to Braunwald's Heart Disease}},
publisher = {Elsevier},
year = {2011}
}

@article{Sidley:2010fp,
author = {Sidley, Gary L and Calam, Rachel and Wells, Adrian and Hughes, Trevine and Whitaker, Kim},
title = {{The prediction of parasuicide repetition in a high-risk group}},
journal = {British Journal of Clinical Psychology},
year = {2010},
volume = {38},
number = {4},
pages = {375--386},
month = dec
}

@article{BarEven:2015kc,
author = {Bar-Even, Arren and Milo, Ron and Noor, Elad and Tawfik, Dan S},
title = {{The Moderately Efficient Enzyme: Futile Encounters and Enzyme Floppiness}},
journal = {Biochemistry},
year = {2015},
volume = {54},
number = {32},
pages = {4969--4977},
month = aug
}

@article{Chi:2008dq,
author = {Chi, Yueh-Yun and Zhou, Xiao-Hua},
title = {{The need for reorientation toward cost-effective prediction: Comments on {\textquoteleft}Evaluating the added predictive ability of a new marker: From area under the ROC curve to reclassification and beyond{\textquoteright} by Pencinaet al.,Statistics in Medicine (DOI: 10.1002/sim.2929)}},
journal = {Statistics in medicine},
year = {2007},
volume = {27},
number = {2},
pages = {182--184}
}

@article{Pickering:2012di,
author = {Pickering, J W and Endre, Z H},
title = {{New Metrics for Assessing Diagnostic Potential of Candidate Biomarkers}},
journal = {Clinical Journal of the American Society of Nephrology},
year = {2012},
volume = {7},
number = {8},
pages = {1355--1364},
month = aug
}

@article{Strug:2012dj,
author = {Strug, Lisa J and Rohde, Charles A and Corey, Paul N},
title = {{An Introduction to Evidential Sample Size Calculations}},
journal = {The American statistician},
year = {2007},
volume = {61},
number = {3},
pages = {207--212},
month = aug
}

@article{Kerr:2011ta,
author = {Kerr, Kathleen F and Pepe, Margaret S},
title = {{Joint Modeling, Covariate Adjustment, and Interaction}},
journal = {Epidemiology},
year = {2011},
volume = {22},
number = {6},
pages = {805--812},
month = nov
}

@article{Greenland:2005fz,
author = {Greenland, Philip and O'Malley, Patrick G},
title = {{When Is a New Prediction Marker Useful?}},
journal = {Archives of Internal Medicine},
year = {2005},
volume = {165},
number = {21},
pages = {2454},
month = nov
}

@article{Kirby:1999kl,
author = {Kirby, Simon D and Danter, Wayne and George, Charles F P and Francovic, Tanya and Ferguson, Kathleen A and Eng, P and Ruby, Ralph R F},
title = {{Neural Network Prediction of Obstructive Sleep Apnea From Clinical Criteria}},
journal = {Chest},
year = {1999},
volume = {116},
number = {2},
pages = {409--415},
month = aug
}

@article{Gamalo:2016jt,
author = {Gamalo, M Amper and Wu, Rui and Tiwari, Ram C},
title = {{Bayesian approach to non-inferiority trials for normal means}},
journal = {Statistical Methods in Medical Research},
year = {2016},
volume = {25},
number = {1},
pages = {221--240},
month = feb
}

@article{VanderWeele:2017ki,
author = {VanderWeele, Tyler J and Ding, Peng},
title = {{Sensitivity Analysis in Observational Research: Introducing the E-Value}},
journal = {Annals of Internal Medicine},
year = {2017},
pages = {1--8},
month = jul
}

@article{Anonymous:ri91laqx,
author = {Lakens, D and Adolfi, F G and Albers, C J and Human, F Anvari Nature and {2018}},
title = {{Justify your alpha}},
journal = {nature.com
}
}

@article{Demler:2013iw,
author = {Demler, Olga V and Pencina, Michael J and D'Agostino Sr., Ralph B},
title = {{Impact of correlation on predictive ability of biomarkers}},
journal = {Statistics in medicine},
year = {2013},
volume = {32},
number = {24},
pages = {4196--4210},
month = may
}

@article{Kurth:2006ep,
author = {Kurth, Tobias and Walker, Alexander M and Glynn, Robert J and Chan, K Arnold and Gaziano, J Michael and Berger, Klaus and Robins, James M},
title = {{Results of Multivariable Logistic Regression, Propensity Matching, Propensity Adjustment, and Propensity-based Weighting under Conditions of Nonuniform Effect}},
journal = {American Journal of Epidemiology},
year = {2006},
volume = {163},
number = {3},
pages = {262--270},
month = feb
}

@article{Mazzola:2014ko,
author = {Mazzola, E and Chipman, J and Cheng, S C and Parmigiani, G},
title = {{Recent BRCAPRO Upgrades Significantly Improve Calibration}},
journal = {Cancer Epidemiology Biomarkers {\&} Prevention},
year = {2014},
volume = {23},
number = {8},
pages = {1689--1695},
month = jul
}

@article{Vickers:2009fy,
author = {Vickers, Andrew J and Elkin, Elena B and Steyerberg, Ewout},
title = {{Net reclassification improvement and decision theory}},
journal = {Statistics in medicine},
year = {2009},
volume = {28},
number = {3},
pages = {525--526},
month = feb
}

@article{Balaguer:2008je,
author = {Balaguer, Francesc and Balma{\~n}a, Judith and Castellv{\'\i}-Bel, Sergi and Steyerberg, Ewout W and Andreu, Montserrat and Llor, Xavier and Jover, Rodrigo and Syngal, Sapna and Castells, Antoni},
title = {{Validation and Extension of the PREMM1,2 Model in a Population-Based Cohort of Colorectal Cancer Patients}},
journal = {Gastroenterology},
year = {2008},
volume = {134},
number = {1},
pages = {39--46},
month = jan
}

@article{Kernan:2000hm,
author = {Kernan, W N and Viscoli, C M and Brass, L M and Makuch, R W and Sarrel, P M and Roberts, R S and Gent, M and Rothwell, P and Sacco, R L and Liu, R C and Boden-Albala, B and Horwitz, R I},
title = {{The Stroke Prognosis Instrument II (SPI-II) : A Clinical Prediction Instrument for Patients With Transient Ischemia and Nondisabling Ischemic Stroke}},
journal = {Stroke},
year = {2000},
volume = {31},
number = {2},
pages = {456--462},
month = feb
}

@article{Anonymous:1999ta,
title = {{The Cardiac Insufficiency Bisoprolol Study II (CIBIS-II): a randomised trial.}},
journal = {Lancet (London, England)},
year = {1999},
volume = {353},
number = {9146},
pages = {9--13},
month = jan
}

@article{Magee:1990dz,
author = {Magee, Lonnie},
title = {{R2Measures Based on Wald and Likelihood Ratio Joint Significance Tests}},
journal = {The American statistician},
year = {1990},
volume = {44},
number = {3},
pages = {250--253},
month = aug
}

@article{Pocock:2016ca,
author = {Pocock, Stuart J and Stone, Gregg W},
title = {{The Primary Outcome Is Positive - Is That Good Enough?}},
journal = {New England Journal of Medicine},
year = {2016},
volume = {375},
number = {10},
pages = {971--979},
month = sep
}

@article{Vickers:2013de,
author = {Vickers, Andrew J},
title = {{If something looks too good to be true, it probably is}},
journal = {BJU international},
year = {2013},
volume = {112},
number = {4},
pages = {430--431},
month = jul
}

@article{Clark:2001ef,
author = {Clark, T G and Stewart, M E and Altman, D G and Gabra, H and Smyth, J F},
title = {{A prognostic model for ovarian cancer}},
journal = {British Journal of Cancer},
year = {2001},
volume = {85},
number = {7},
pages = {944--952},
month = oct
}

@article{Yang:2005cl,
author = {Yang, S},
title = {{Semiparametric analysis of short-term and long-term hazard ratios with two-sample survival data}},
journal = {Biometrika},
year = {2005},
volume = {92},
number = {1},
pages = {1--17},
month = mar
}

@book{Anonymous:2016tp,
title = {{Introduction to Bayesian Statistics, Third Edition}},
publisher = {John Wiley {\&} Sons, Inc.},
year = {2016},
address = {Hoboken, NJ, USA},
month = sep
}

@article{Smith:1992wx,
author = {Hanagal, D D},
title = {{Modeling survival data using frailty models}},
journal = {Statistical Methods in Medical Research},
year = {2015},
volume = {24},
number = {6},
pages = {936--936},
month = dec
}

@article{Tomlins:2005cu,
author = {Tomlins, S A},
title = {{Recurrent Fusion of TMPRSS2 and ETS Transcription Factor Genes in Prostate Cancer}},
journal = {Science},
year = {2005},
volume = {310},
number = {5748},
pages = {644--648},
month = oct
}

@article{Liu:2010vz,
author = {Liu, M and Kapadia, A S and Etzel, C J},
title = {{Evaluating a New Risk Marker's Predictive Contribution in Survival Models}},
journal = {Journal of Statistical Theory and Practice},
year = {2010},
volume = {4},
number = {4},
pages = {845--855},
month = dec
}

@article{Blume:2005vj,
author = {Blume, Jeffrey D},
title = {{How to Choose a Working Model for Measuring the Statistical Evidence About a Regression Parameter}},
journal = {International Statistical Review},
year = {2006},
volume = {73},
number = {3},
pages = {351--363},
month = dec
}

@booklet{Peirce:1884wr,
title = {{On small differences in sensation}},
author = {Peirce, C S and Jastrow, J},
year = {1884}
}

@article{Leening:Ga-QNAQ6,
author = {Leening, Maarten J G and Steyerberg, Ewout W and Van Calster, Ben and D'Agostino Sr., Ralph B and Pencina, Michael J},
title = {{Net reclassification improvement and integrated discrimination improvement require calibrated models: relevance from a marker and model perspective}},
journal = {Statistics in medicine},
year = {2014},
volume = {33},
number = {19},
pages = {3415--3418},
month = jul
}

@article{Cook:2008ge,
author = {Cook, Nancy R},
title = {{Comments on {\textquoteleft}Evaluating the added predictive ability of a new marker: From area under the ROC curve to reclassification and beyond{\textquoteright} by M. J. Pencinaet al.,Statistics in Medicine (DOI: 10.1002/sim.2929)}},
journal = {Statistics in medicine},
year = {2007},
volume = {27},
number = {2},
pages = {191--195}
}

@article{Daniel:2013jm,
author = {Daniel, R M and Cousens, S N and De Stavola, B L and Kenward, M G and Sterne, J A C},
title = {{Methods for dealing with time-dependent confounding.}},
journal = {Statistics in medicine},
year = {2013},
volume = {32},
number = {9},
pages = {1584--1618},
month = apr
}

@article{Yates:1982hi,
author = {Yates, J Frank},
title = {{External correspondence: Decompositions of the mean probability score}},
journal = {Organizational Behavior and Human Performance},
year = {1982},
volume = {30},
number = {1},
pages = {132--156},
month = aug
}

@article{Paynter:2013ce,
author = {Paynter, N P and Cook, N R},
title = {{A Bias-Corrected Net Reclassification Improvement for Clinical Subgroups}},
journal = {Medical Decision Making},
year = {2013},
volume = {33},
number = {2},
pages = {154--162},
month = feb
}

@article{Austin:2014ga,
author = {Austin, Peter C and Steyerberg, Ewout W},
title = {{Graphical assessment of internal and external calibration of logistic regression models by using loess smoothers}},
journal = {Statistics in medicine},
year = {2014},
volume = {33},
number = {3},
pages = {517--535},
month = feb
}

@article{VanCalster:xr2HFyWP,
author = {Van Calster, Ben and Steyerberg, Ewout W and D'Agostino Sr., Ralph B and Pencina, Michael J},
title = {{Sensitivity and Specificity Can Change in Opposite Directions When New Predictive Markers Are Added to Risk Models}},
journal = {Medical Decision Making},
year = {2014},
volume = {34},
number = {4},
pages = {513--522},
month = may
}

@article{Parmigiani:1998uy,
author = {Parmigiani, Giovanni and Berry, Donald A and Aguilar, Omar},
title = {{Determining Carrier Probabilities for Breast Cancer{\textendash}Susceptibility Genes BRCA1 and BRCA2}},
journal = {The American Journal of Human Genetics},
year = {1998},
volume = {62},
number = {1},
pages = {145--158},
month = jan
}

@article{Broglio:2014fr,
author = {Broglio, Kristine R and Connor, Jason T and Berry, Scott M},
title = {{Not too big, not too small: a goldilocks approach to sample size selection.}},
journal = {Journal of biopharmaceutical statistics},
year = {2014},
volume = {24},
number = {3},
pages = {685--705}
}

@book{Spiegelhalter:2004vw,
author = {Spiegelhalter, David J and Abrams, Keith R and Myles, Jonathan P},
title = {{Bayesian Approaches to Clinical Trials and Health-Care Evaluation}},
publisher = {John Wiley {\&} Sons, Ltd},
year = {2004},
series = {Spiegelhalter/Clinical Trials and Health-Care Evaluation},
address = {Chichester, UK},
month = feb
}

@article{Moore:wc,
author = {Moore, T J and Zhang, H and internal, G Anderson JAMA and {2018}},
title = {{Estimated costs of pivotal trials for novel therapeutic agents approved by the US Food and Drug Administration, 2015-2016}},
journal = {jamanetwork.com
}
}

@article{Frane:1998ch,
author = {Frane, J W},
title = {{A Method of Biased Coin Randomization, its Implementation, and its Validation}},
journal = {Therapeutic Innovation {\&} Regulatory Science},
year = {1998},
volume = {32},
number = {2},
pages = {423--432},
month = apr
}

@article{McGeechan:2008ie,
author = {McGeechan, Kevin and Macaskill, Petra and Irwig, Les and Liew, Gerald and Wong, Tien Y},
title = {{Assessing New Biomarkers and Predictive Models for Use in Clinical Practice}},
journal = {Archives of Internal Medicine},
year = {2008},
volume = {168},
number = {21},
pages = {2304},
month = nov
}

@article{Shao:2013jz,
author = {Shao, Jun and Yu, Xinxin},
title = {{Validity of Tests under Covariate-Adaptive Biased Coin Randomization and Generalized Linear Models}},
journal = {Biometrics},
year = {2013},
volume = {69},
number = {4},
pages = {960--969},
month = jul
}

@article{Chang:2011bv,
author = {Chang, Peter and Szymanski, Konrad M and Dunn, Rodney L and Chipman, Jonathan J and Litwin, Mark S and Nguyen, Paul L and Sweeney, Christopher J and Cook, Robert and Wagner, Andrew A and DeWolf, William C and Bubley, Glenn J and Funches, Renee and Aronovitz, Joseph A and Wei, John T and Sanda, Martin G},
title = {{Expanded Prostate Cancer Index Composite for Clinical Practice: Development and Validation of a Practical Health Related Quality of Life Instrument for Use in the Routine Clinical Care of Patients With Prostate Cancer}},
journal = {The Journal of Urology},
year = {2011},
volume = {186},
number = {3},
pages = {865--872},
month = sep
}

@article{Pepe:2013er,
author = {Pepe, Margaret Sullivan and Kerr, Kathleen F and Longton, Gary and Wang, Zheyu},
title = {{Testing for improvement in prediction model performance}},
journal = {Statistics in medicine},
year = {2013},
volume = {32},
number = {9},
pages = {1467--1482},
month = jan
}

@book{LectsBioregSan:uPdXig0N,
author = {Sanders, Robert H},
title = {{Deconstructing Cosmology}},
publisher = {Cambridge University Press},
year = {2016},
address = {Cambridge}
}

@article{VanCalster:2014bo,
author = {Van Calster, Ben and Vickers, Andrew J},
title = {{Calibration of Risk Prediction Models}},
journal = {Medical Decision Making},
year = {2015},
volume = {35},
number = {2},
pages = {162--169},
month = feb
}

@article{Chi:2008he,
author = {Chi, Yunchan and Chen, Chia-Min},
title = {{Curtailed two-stage designs in Phase II clinical trials.}},
journal = {Statistics in medicine},
year = {2008},
volume = {27},
number = {29},
pages = {6175--6189},
month = dec
}

@article{Taylor:2008kq,
author = {Taylor, J M G and Ankerst, D P and Andridge, R R},
title = {{Validation of Biomarker-Based Risk Prediction Models}},
journal = {Clinical Cancer Research},
year = {2008},
volume = {14},
number = {19},
pages = {5977--5983},
month = oct
}

@article{Demidenko:2007hc,
author = {Demidenko, Eugene},
title = {{Sample size determination for logistic regression revisited.}},
journal = {Statistics in medicine},
year = {2007},
volume = {26},
number = {18},
pages = {3385--3397},
month = aug
}

@article{Vickers:2010hs,
author = {Vickers, Andrew J and Cronin, Angel M},
title = {{Everything You Always Wanted to Know About Evaluating Prediction Models (But Were Too Afraid to Ask)}},
journal = {Urology},
year = {2010},
volume = {76},
number = {6},
pages = {1298--1301},
month = dec
}

@article{Angrist:1996df,
author = {Angrist, Joshua D and Imbens, Guido W and Rubin, Donald B},
title = {{Identification of Causal Effects Using Instrumental Variables}},
journal = {Journal of the American Statistical Association},
year = {1996},
volume = {91},
number = {434},
pages = {444--455},
month = jun
}

@article{Vickers:2011eb,
author = {Vickers, Andrew J and Cronin, Angel M and Begg, Colin B},
title = {{One statistical test is sufficient for assessing new predictive markers}},
journal = {BMC Medical Research Methodology},
year = {2011},
volume = {11},
number = {1},
pages = {2543},
month = jan
}

@article{GUIDANCE:2010wf,
author = {{GUIDANCE, D}},
title = {{Guidance for Industry: Adaptive Design Clinical Trials for Drugs and Biologics [excerpts]}},
journal = {Biotechnology Law Report},
year = {2010},
volume = {29},
number = {2},
pages = {197--215},
month = apr
}

@article{Austin:2009fr,
author = {Austin, Peter C},
title = {{Using the Standardized Difference to Compare the Prevalence of a Binary Variable Between Two Groups in Observational Research}},
journal = {Communications in Statistics - Simulation and Computation},
year = {2009},
volume = {38},
number = {6},
pages = {1228--1234},
month = apr
}

@article{Muhlenbruch:2012fx,
author = {Muhlenbruch, Kristin and Heraclides, Alexandros and Steyerberg, Ewout W and Joost, Hans-Georg and Boeing, Heiner and Schulze, Matthias B},
title = {{Assessing improvement in disease prediction using net reclassification improvement: impact of risk cut-offs and number of risk categories}},
journal = {European Journal of Epidemiology},
year = {2012},
volume = {28},
number = {1},
pages = {25--33},
month = nov
}

@article{Hill:1963vl,
author = {Hill, A B},
title = {{Medical ethics and controlled trials.}},
journal = {British Medical Journal},
year = {1963},
volume = {1},
number = {5337},
pages = {1043--1049},
month = apr
}

@article{Anonymous:UBfPPuiI,
title = {{Sec 3 RS-POLICY}},
year = {2018},
pages = {1--10},
month = nov
}

@article{Steyerberg:2010cz,
author = {Steyerberg, Ewout W and Vickers, Andrew J and Cook, Nancy R and Gerds, Thomas and Gonen, Mithat and Obuchowski, Nancy and Pencina, Michael J and Kattan, Michael W},
title = {{Assessing the Performance of Prediction Models}},
journal = {Epidemiology},
year = {2010},
volume = {21},
number = {1},
pages = {128--138},
month = jan
}

@article{Wald:1945kd,
author = {Wald, A},
title = {{Sequential Tests of Statistical Hypotheses}},
journal = {The Annals of Mathematical Statistics},
year = {1945},
volume = {16},
number = {2},
pages = {117--186},
month = jun
}

@article{Nelson:2018bw,
author = {Nelson, Lyndsay A and Wallston, Kenneth A and Kripalani, Sunil and Greevy Jr., Robert A and Elasy, Tom A and Bergner, Erin M and Gentry, Chad K and Mayberry, Lindsay S},
title = {{Mobile Phone Support for Diabetes Self-Care Among Diverse Adults: Protocol for a Three-Arm Randomized Controlled Trial}},
journal = {JMIR Research Protocols},
year = {2018},
volume = {7},
number = {4},
pages = {e92},
month = apr
}

@incollection{Binder:1996vz,
author = {Fuller, Wayne A},
title = {{Estimation for Multiple Phase Samples}},
booktitle = {Analysis of Survey Data},
year = {2003},
pages = {307--322},
publisher = {John Wiley {\&} Sons, Ltd},
address = {Chichester, UK},
month = mar
}

@article{Binder:1983ft,
author = {Binder, David A},
title = {{On the Variances of Asymptotically Normal Estimators from Complex Surveys}},
journal = {International Statistical Review / Revue Internationale de Statistique},
year = {1983},
volume = {51},
number = {3},
pages = {279},
month = dec
}

@article{Quan:SeqRerand,
author = {Zhou, Quan and Ernst, Philip and Morgan, Kari Lock and Rubin, Donald B and Zhang, Anru},
title = {{Sequential Rerandomization}},
journal = {arXiv.org},
year = {2018},
pages = {1--23},
month = apr
}

@incollection{Siegel:2016wz,
author = {Siegel, Andrew F},
title = {{Report Writing}},
booktitle = {Practical Business Statistics},
year = {2016},
pages = {419--430},
publisher = {Elsevier}
}

@article{Xu:2013dl,
author = {Xu, Zhenzhen and Kalbfleisch, John D},
title = {{Repeated Randomization and Matching in Multi-Arm Trials}},
journal = {Biometrics},
year = {2013},
volume = {69},
number = {4},
pages = {949--959},
month = oct
}

@article{Hill:1952hc,
author = {Hill, A Bradford},
title = {{The Clinical Trial}},
journal = {New England Journal of Medicine},
year = {1952},
volume = {247},
number = {4},
pages = {113--119},
month = jul,
annote = {doi: 10.1056/NEJM195207242470401}
}

@article{White:2010id,
author = {White, Ian R and Carlin, John B},
title = {{Bias and efficiency of multiple imputation compared with complete-case analysis for missing covariate values}},
journal = {Statistics in medicine},
year = {2010},
volume = {29},
number = {28},
pages = {2920--2931},
month = sep
}

@article{Lin:1998wn,
author = {Lin, D Y and Psaty, B M and Kronmal, R A},
title = {{Assessing the sensitivity of regression results to unmeasured confounders in observational studies.}},
journal = {Biometrics},
year = {1998},
volume = {54},
number = {3},
pages = {948--963},
month = sep
}

@article{Pencina:C8s_wgVf,
author = {Pencina, Michael J and D'Agostino Sr., Ralph B and Demler, Olga V},
title = {{Novel metrics for evaluating improvement in discrimination: net reclassification and integrated discrimination improvement for normal variables and nested models}},
journal = {Statistics in medicine},
year = {2011},
volume = {31},
number = {2},
pages = {101--113},
month = dec
}

@article{DeLaurentiis:1999uh,
author = {De Placido, Sabino and Carlomagno, Chiara and De Laurentiis, Michelino and Bianco, Angelo Raffaele},
title = {{c-erbB2 expression predicts tamoxifen efficacy in breast cancer patients}},
journal = {Breast Cancer Research and Treatment},
year = {1998},
volume = {52},
number = {1-3},
pages = {55--64},
month = nov
}

@article{Reboussin:2000uf,
author = {Reboussin, D M and DeMets, D L and Kim, K M and Lan, K K},
title = {{Computations for group sequential boundaries using the Lan-DeMets spending function method.}},
journal = {Controlled Clinical Trials},
year = {2000},
volume = {21},
number = {3},
pages = {190--207},
month = jun
}

@article{Savage:2009vb,
author = {Olavarria, G and Ritter, A},
title = {{Managing CSF Shunt Malfunctions: A New Clinical Pathway}},
journal = {AAP Grand Rounds},
year = {2011},
volume = {25},
number = {5},
pages = {60--60},
month = may
}

@article{Peek:2007ho,
author = {Peek, N and Arts, D G T and Bosman, R J and van der Voort, P H J and de Keizer, N F},
title = {{External validation of prognostic models for critically ill patients required substantial sample sizes}},
journal = {Journal of Clinical Epidemiology},
year = {2007},
volume = {60},
number = {5},
pages = {491.e1--491.e13},
month = may
}

@article{Kang:2007dx,
author = {Kang, Joseph D Y and Schafer, Joseph L},
title = {{Demystifying Double Robustness: A Comparison of Alternative Strategies for Estimating a Population Mean from Incomplete Data}},
journal = {Statistical Science},
year = {2007},
volume = {22},
number = {4},
pages = {523--539},
month = nov
}

@article{Spanos:1989gy,
author = {Spanos, Alan},
title = {{Differential Diagnosis of Acute Meningitis}},
journal = {JAMA},
year = {1989},
volume = {262},
number = {19},
pages = {2700},
month = nov
}

@techreport{Anonymous:uMAM8s4J,
title = {{Microsoft Word - 9.doc}},
year = {2009},
month = dec
}

@article{Anonymous:HZkTF-Qr,
title = {{Selected Writings (Values in a Universe of Chance)}},
year = {1966}
}

@article{Dorsey:uo,
author = {Dorsey, E R and Venuto, C and JAMA, V Venkataraman and {2015}},
title = {{Novel methods and technologies for 21st-century clinical trials: a review}},
journal = {jamanetwork.com
}
}

@article{Blume:2008cwa,
author = {Blume, Jeffrey D},
title = {{How Often Likelihood Ratios are Misleading in Sequential Trials}},
journal = {Communications in Statistics - Theory and Methods},
year = {2008},
volume = {37},
number = {8},
pages = {1193--1206},
month = feb
}

@article{Lee:2008ey,
author = {Lee, J Jack and Liu, Diane D},
title = {{A predictive probability design for phase II cancer clinical trials.}},
journal = {Clinical Trials},
year = {2008},
volume = {5},
number = {2},
pages = {93--106}
}

@article{Rosenbaum:1983ct,
author = {Rosenbaum, Paul R and Rubin, Donald B},
title = {{The Central Role of the Propensity Score in Observational Studies for Causal Effects}},
journal = {Biometrika},
year = {1983},
volume = {70},
number = {1},
pages = {41},
month = apr
}

@article{Fan:2015fd,
author = {Fan, Liqiong and Yeatts, Sharon D and Wolf, Bethany J and McClure, Leslie A and Selim, Magdy and Palesch, Yuko Y},
title = {{The impact of covariate misclassification using generalized linear regression under covariate{\textendash}adaptive randomization}},
journal = {Statistical Methods in Medical Research},
year = {2017},
volume = {24},
pages = {096228021561640},
month = jan
}

@article{Calverley:2007gx,
author = {Calverley, Peter M A and Anderson, Julie A and Celli, Bartolome and Ferguson, Gary T and Jenkins, Christine and Jones, Paul W and Yates, Julie C and Vestbo, J{\o}rgen and {TORCH investigators}},
title = {{Salmeterol and fluticasone propionate and survival in chronic obstructive pulmonary disease.}},
journal = {New England Journal of Medicine},
year = {2007},
volume = {356},
number = {8},
pages = {775--789},
month = feb
}

@article{Anonymous:rCKExJBO,
author = {Platt, J R},
title = {{Strong Inference: Certain systematic methods of scientific thinking may produce much more rapid progress than others}},
journal = {Science},
year = {1964},
volume = {146},
number = {3642},
pages = {347--353},
month = oct
}

@incollection{Goodman:1993te,
author = {Kramer, Michael S},
title = {{Hypothesis Testing and P Values}},
booktitle = {Clinical Epidemiology and Biostatistics},
year = {1988},
pages = {137--145},
organization = {Division of Biostatistics, Oncology Center, Johns Hopkins University School of Medicine, Baltimore, MD.},
publisher = {Springer Berlin Heidelberg},
address = {Berlin, Heidelberg}
}

@article{Pencina:2016fm,
author = {Pencina, Michael J and Fine, Jason P and D'Agostino, Ralph B},
title = {{Discrimination slope and integrated discrimination improvement {\textendash} properties, relationships and impact of calibration}},
journal = {Statistics in medicine},
year = {2016},
volume = {30},
number = {4},
pages = {132},
month = jan
}

@article{Cook:2010eh,
author = {Cook, Nancy R},
title = {{Assessing the Incremental Role of Novel and Emerging Risk Factors}},
journal = {Current Cardiovascular Risk Reports},
year = {2010},
volume = {4},
number = {2},
pages = {112--119},
month = feb
}

@article{Greenland:2004dy,
author = {Greenland, Sander},
title = {{When Should Epidemiologic Regressions Use Random Coefficients?}},
journal = {Biometrics},
year = {2004},
volume = {56},
number = {3},
pages = {915--921},
month = may
}

@article{Gerds:2008ca,
author = {Gerds, Thomas A and Cai, Tianxi and Schumacher, Martin},
title = {{The Performance of Risk Prediction Models}},
journal = {Biometrical Journal},
year = {2008},
volume = {50},
number = {4},
pages = {457--479},
month = aug
}

@article{Little:2011di,
author = {Little, Roderick},
title = {{Calibrated Bayes, for Statistics in General, and Missing Data in Particular}},
journal = {arXiv.org},
year = {2011},
eprint = {1108.1917v1},
eprinttype = {arxiv},
eprintclass = {stat.ME},
number = {2},
pages = {162--174},
month = aug,
annote = {Published in at http://dx.doi.org/10.1214/10-STS318 the Statistical Science (http://www.imstat.org/sts/) by the Institute of Mathematical Statistics (http://www.imstat.org)}
}

@article{Rosenkranz:2011jj,
author = {Rosenkranz, Gerd K},
title = {{The impact of randomization on the analysis of clinical trials}},
journal = {Statistics in medicine},
year = {2011},
volume = {30},
number = {30},
pages = {3475--3487},
month = dec
}

@article{Morrow:2011ix,
author = {Morrow, D A and Cook, N R},
title = {{Determining Decision Limits for New Biomarkers: Clinical and Statistical Considerations}},
journal = {Clinical chemistry},
year = {2010},
volume = {57},
number = {1},
pages = {1--3},
month = dec
}

@article{Balzer:2014he,
author = {Balzer, Laura B and Petersen, Maya L and van der Laan, Mark J and {the SEARCH Consortium}},
title = {{Adaptive pair-matching in randomized trials with unbiased and efficient effect estimation}},
journal = {Statistics in Medicine},
year = {2014},
volume = {34},
number = {6},
pages = {999--1011},
month = nov
}

@article{Royall:2000ih,
author = {Royall, Richard},
title = {{On the Probability of Observing Misleading Statistical Evidence}},
journal = {Journal of the American Statistical Association},
year = {2000},
volume = {95},
number = {451},
pages = {760--768},
month = sep
}

@article{Berger:2015gl,
author = {Berger, Vance W and Antsygina, Olga},
title = {{A review of randomization methods in clinical trials}},
journal = {Clinical Investigation},
year = {2015},
volume = {5},
number = {12},
pages = {847--853},
month = dec
}

@article{Anonymous:6jLA-dfo,
annote = {In code: SCRSSN: Scrambled social security number (at a national level) Hypoglycemia < 60 - per Rob {\textasciitilde} 55 probably okayish (asymptomatic) 50 feeling kind of squeemish 40 delarium C003: All met In code: SCRSSN: Scrambled social security number (at a national level) Hypoglycemia < 60 - per Rob {\textasciitilde} 55 probably okayish (asymptomatic) 50 feeling kind of squeemish 40 delarium C003: All met}
}

@article{Anonymous:KiSmWHiG,
title = {{Pepe Anderson 1994}},
year = {2014},
pages = {1--11},
month = feb
}

@article{Quigley:2013cz,
author = {Quigley, Charmian A and Zagar, Anthony J and Liu, Charlie Chunhua and Brown, David M and Huseman, Carol and Levitsky, Lynne and Repaske, David R and Tsalikian, Eva and Chipman, John J},
title = {{United States multicenter study of factors predicting the persistence of GH deficiency during the transition period between childhood and adulthood}},
journal = {International Journal of Pediatric Endocrinology},
year = {2013},
volume = {2013},
number = {1},
pages = {6}
}

@article{Efron:1986cn,
author = {Efron, B},
title = {{Why Isn't Everyone a Bayesian?}},
journal = {The American statistician},
year = {1986},
volume = {40},
number = {1},
pages = {1--5},
month = feb
}

@article{Imai:2004gd,
author = {Imai, Kosuke and van Dyk, David A},
title = {{Causal Inference With General Treatment Regimes}},
journal = {Journal of the American Statistical Association},
year = {2004},
volume = {99},
number = {467},
pages = {854--866},
month = sep
}

@book{Robert:2012wb,
author = {Suissa, Samy Salomon},
title = {{Exact unconditional tests for 2x2 contingency tables / by Samy Salomon Suissa.}},
publisher = {[s.n.]}
}

@article{Vickers:2008gu,
author = {Vickers, Andrew J and Jang, Kwang and Sargent, Daniel and Lilja, Hans and Kattan, Michael W},
title = {{Systematic review of statistical methods used in molecular marker studies in cancer}},
journal = {Cancer},
year = {2008},
volume = {112},
number = {8},
pages = {1862--1868}
}

@article{siegmund2013sequential,
author = {Schmee, Josef and Siegmund, David},
title = {{Sequential Analysis, Tests and Confidence Intervals}},
journal = {Technometrics},
year = {1987},
volume = {29},
number = {1},
pages = {123},
month = feb
}

@article{Berger:2003iv,
author = {Berger, Vance W and Bears, Jeffrey D},
title = {{When can a clinical trial be called {\textquoteleft}randomized{\textquoteright}?}},
journal = {Vaccine},
year = {2003},
volume = {21},
number = {5-6},
pages = {468--472},
month = jan
}

@article{Ball:2011et,
author = {Ball, Greg and Piller, Linda B},
title = {{Continuous safety monitoring for randomized controlled clinical trials with blinded treatment information. Part 2: Statistical considerations.}},
journal = {Contemporary Clinical Trials},
year = {2011},
volume = {32 Suppl 1},
pages = {S5--7},
month = sep
}

@article{Pencina:2012iw,
author = {Pencina, M J and D'Agostino, R B and Demler, O V and Janssens, A C J W and Greenland, P},
title = {{Pencina et al. Respond to "The Incremental Value of New Markers" and "Clinically Relevant Measures? A Note of Caution"}},
journal = {American Journal of Epidemiology},
year = {2012},
volume = {176},
number = {6},
pages = {492--494},
month = sep
}

@article{Downing:tb,
author = {Downing, N S and Aminawung, J A and Shah, N D and Jama, HM Krumholz and {2014}},
title = {{Clinical trial evidence supporting FDA approval of novel therapeutic agents, 2005-2012}},
journal = {jamanetwork.com
}
}

@techreport{Anonymous:2016ww,
title = {{ACCRE: Introduction to the cluster}},
year = {2016},
month = mar
}

@article{Guo:1995df,
author = {Guo, J and Geng, Z},
title = {{Collapsibility of logistic regression coefficients}},
journal = {Journal of the Royal Statistical Society Series B ( {\ldots}},
year = {1995}
}

@article{Kang:2008eq,
author = {Kang, Minsoo and Ragan, Brian G and Park, Jae-Hyeon},
title = {{Issues in Outcomes Research: An Overview of Randomization Techniques for Clinical Trials}},
journal = {Journal of Athletic Training},
year = {2008},
volume = {43},
number = {2},
pages = {215--221},
month = mar
}

@article{Quigley:2005ep,
author = {Quigley, Charmian A and Gill, Anne M and Crowe, Brenda J and Robling, Kristen and Chipman, John J and Rose, Susan R and Ross, Judith L and Cassorla, Fernando G and Wolka, Anne M and Wit, Jan M and Rekers-Mombarg, Lyset T M and Cutler Jr., Gordon B},
title = {{Safety of Growth Hormone Treatment in Pediatric Patients with Idiopathic Short Stature}},
journal = {The Journal of Clinical Endocrinology {\&} Metabolism},
year = {2005},
volume = {90},
number = {9},
pages = {5188--5196},
month = sep
}

@article{Hilden:ITVsQx52,
author = {Hilden, Jorgen and Gerds, Thomas A},
title = {{A note on the evaluation of novel biomarkers: do not rely on integrated discrimination improvement and net reclassification index}},
journal = {Statistics in medicine},
year = {2013},
volume = {33},
number = {19},
pages = {3405--3414},
month = apr
}

@article{Gu:2009jf,
author = {Gu, Wen and Pepe, Margaret},
title = {{Measures to Summarize and Compare the Predictive Capacity of Markers}},
journal = {The international journal of biostatistics},
volume = {5},
number = {1}
}

@article{Treasure:2012jn,
author = {Treasure, Tom and Farewell, Vern},
title = {{Minimization in interventional trials: great value but residual vulnerability}},
journal = {Journal of Clinical Epidemiology},
year = {2012},
volume = {65},
number = {1},
pages = {7--9},
month = jan
}

@incollection{royall1997statistical,
author = {Royall, Richard},
title = {{The Likelihood Paradigm for Statistical Evidence}},
booktitle = {The Nature of Scientific Evidence},
pages = {119--152},
publisher = {University of Chicago Press}
}

@article{Molinaro:2005jw,
author = {Molinaro, A M and Simon, R and Pfeiffer, R M},
title = {{Prediction error estimation: a comparison of resampling methods}},
journal = {Bioinformatics},
year = {2005},
volume = {21},
number = {15},
pages = {3301--3307},
month = jul
}

@article{Talluri:2016bv,
author = {Talluri, Rajesh and Shete, Sanjay},
title = {{Using the weighted area under the net benefit curve for decision curve analysis}},
journal = {BMC Medical Informatics and Decision Making},
year = {2016},
volume = {16},
number = {1},
pages = {3590},
month = jul
}

@article{Loux:2014bu,
author = {Loux, Travis M},
title = {{Randomization, matching, and propensity scores in the design and analysis of experimental studies with measured baseline covariates}},
journal = {Statistics in medicine},
year = {2014},
volume = {34},
number = {4},
pages = {558--570},
month = nov
}

@article{Jennison:1984cq,
author = {Jennison, Christopher and Turnbull, Bruce W},
title = {{Repeated confidence intervals for group sequential clinical trials}},
journal = {Controlled Clinical Trials},
year = {1984},
volume = {5},
number = {1},
pages = {33--45},
month = mar
}

@article{Tan:1996ig,
author = {Tan, M and Xiong, X},
title = {{Continuous and group sequential conditional probability ratio tests for phase II clinical trials.}},
journal = {Statistics in medicine},
year = {1996},
volume = {15},
number = {19},
pages = {2037--2051},
month = oct
}

@article{Imai:2009du,
author = {Imai, Kosuke and King, Gary and Nall, Clayton},
title = {{The Essential Role of Pair Matching in Cluster-Randomized Experiments, with Application to the Mexican Universal Health Insurance Evaluation}},
journal = {Statistical Science},
year = {2009},
volume = {24},
number = {1},
pages = {29--53},
month = feb,
annote = {This paper commented in: [arXiv:0910.3754], [arXiv:0910.3756]. Rejoinder in [arXiv:0910.3758]. Published in at http://dx.doi.org/10.1214/08-STS274 the Statistical Science (http://www.imstat.org/sts/) by the Institute of Mathematical Statistics (http://www.imstat.org)}
}

@article{fisher1935design,
author = {Fisher, Ronald A},
title = {{The design of experiments. 1935}},
journal = {Oliver and Boyd, Edinburgh},
year = {1935}
}

@article{Cook:2007hp,
author = {Cook, N R},
title = {{Use and Misuse of the Receiver Operating Characteristic Curve in Risk Prediction}},
journal = {Circulation},
year = {2007},
volume = {115},
number = {7},
pages = {928--935},
month = feb
}

@article{Begg:1980bp,
author = {Begg, Colin B and Iglewicz, Boris},
title = {{A Treatment Allocation Procedure for Sequential Clinical Trials}},
journal = {Biometrics},
year = {1980},
volume = {36},
number = {1},
pages = {81},
month = mar
}

@article{Hobbs:2008ce,
author = {Hobbs, Brian P and Carlin, Bradley P},
title = {{Practical Bayesian design and analysis for drug and device clinical trials.}},
journal = {Journal of biopharmaceutical statistics},
year = {2008},
volume = {18},
number = {1},
pages = {54--80}
}

@booklet{Fisher:1937uc,
title = {{The design of experiments}},
author = {Fisher, R A},
year = {1937}
}

@article{Buse:1982ds,
author = {Buse, A},
title = {{The Likelihood Ratio, Wald, and Lagrange Multiplier Tests: An Expository Note}},
journal = {The American statistician},
year = {1982},
volume = {36},
number = {3a},
pages = {153--157},
month = aug
}

@article{Rubin:2007gc,
author = {Rubin, Donald B},
title = {{The design versus the analysis of observational studies for causal effects: parallels with the design of randomized trials.}},
journal = {Statistics in medicine},
year = {2007},
volume = {26},
number = {1},
pages = {20--36},
month = jan
}

@article{Wei:1988if,
author = {Wei, L J and Lachin, John M},
title = {{Properties of the urn randomization in clinical trials}},
journal = {Controlled Clinical Trials},
year = {1988},
volume = {9},
number = {4},
pages = {345--364},
month = dec
}

@article{Vickers:2012he,
author = {Vickers, Andrew J},
title = {{Editorial Comment}},
journal = {The Journal of Urology},
year = {2012},
volume = {187},
number = {5},
pages = {1638},
month = may
}

@article{Vickers:2006bb,
author = {Vickers, A J and Elkin, E B},
title = {{Decision Curve Analysis: A Novel Method for Evaluating Prediction Models}},
journal = {Medical Decision Making},
year = {2006},
volume = {26},
number = {6},
pages = {565--574},
month = nov
}

@article{Ding:2015vp,
author = {Ding, Peng and VanderWeele, Tyler},
title = {{Sensitivity Analysis Without Assumptions}},
journal = {arXiv.org},
year = {2015},
eprint = {1507.03984v1},
eprinttype = {arxiv},
eprintclass = {math.ST},
month = jul
}

@article{Senn:2004eg,
author = {Senn, Stephen},
title = {{Controversies concerning randomization and additivity in clinical trials}},
journal = {Statistics in medicine},
year = {2004},
volume = {23},
number = {24},
pages = {3729--3753},
month = dec
}

@article{Efron:1971ih,
author = {Efron, Bradley},
title = {{Forcing a sequential experiment to be balanced}},
journal = {Biometrika},
year = {1971},
volume = {58},
number = {3},
pages = {403--417}
}

@article{Barra:2012ta,
author = {Barra, S and Providencia, R and Paiva, L and Caetano, F and Almeida, I and Gomes, P and Marques, A L},
title = {{ACHTUNG-Rule: a new and improved model for prognostic assessment in myocardial infarction}},
journal = {European Heart Journal: Acute Cardiovascular Care},
year = {2012},
volume = {1},
number = {4},
pages = {320--336},
month = nov
}

@incollection{gabbay2011philosophy,
author = {Gabbay, Dov and Thagard, Paul and Woods, John},
title = {{General Preface}},
booktitle = {Philosophy of Statistics},
year = {2011},
pages = {vii--viii},
publisher = {Elsevier}
}

@article{Taves:2010il,
author = {Taves, Donald R},
title = {{The use of minimization in clinical trials}},
journal = {Contemporary Clinical Trials},
year = {2010},
volume = {31},
number = {2},
pages = {180--184},
month = mar
}

@article{Carlsson:2012cr,
author = {Carlsson, Sigrid and Vickers, Andrew and Lilja, Hans and Hugosson, Jonas},
title = {{Screening for Prostate Cancer}},
journal = {Annals of Internal Medicine},
year = {2012},
volume = {156},
number = {7},
pages = {539},
month = apr
}

@article{Stout:2015fe,
author = {Stout, R L and Wirtz, P W and Carbonari, J P and Del Boca, F K},
title = {{Ensuring balanced distribution of prognostic factors in treatment outcome research.}},
journal = {Journal of Studies on Alcohol, Supplement},
year = {2015},
number = {s12},
pages = {70--75},
month = jan
}

@article{Anonymous:jI39uy6j,
title = {{SamuelsBOOMWeights}},
year = {2016},
pages = {1--130},
month = dec
}

@article{Landwehr:1984fa,
author = {Landwehr, James M and Pregibon, Daryl and Shoemaker, Anne C},
title = {{Graphical Methods for Assessing Logistic Regression Models}},
journal = {Journal of the American Statistical Association},
year = {1984},
volume = {79},
number = {385},
pages = {61--71},
month = mar
}

@article{Greenland:2008kna,
author = {Greenland, Sander},
title = {{The need for reorientation toward cost-effective prediction: Comments on {\textquoteleft}Evaluating the added predictive ability of a new marker: From area under the ROC curve to reclassification and beyond{\textquoteright} by M. J. Pencinaet al.,Statistics in Medicine (DOI: 10.1002/sim.2929)}},
journal = {Statistics in medicine},
year = {2007},
volume = {27},
number = {2},
pages = {199--206}
}

@article{VanHoorde:2014ci,
author = {Van Hoorde, Kirsten and Vergouwe, Yvonne and Timmerman, Dirk and Van Huffel, Sabine and Steyerberg, Ewout W and Van Calster, Ben},
title = {{Assessing calibration of multinomial risk prediction models.}},
journal = {Statistics in medicine},
year = {2014},
volume = {33},
number = {15},
pages = {2585--2596},
month = jul
}

@article{Zheng:2017eb,
author = {Zheng, Yingye and Brown, Marshall and Lok, Anna and Cai, Tianxi},
title = {{Improving efficiency in biomarker incremental value evaluation under two-phase designs}},
journal = {The Annals of Applied Statistics},
year = {2017},
volume = {11},
number = {2},
pages = {638--654},
month = jun
}

@book{Maclaurin:2014ux,
author = {Barnes, Katherine},
title = {{Markov Chain Monte Carlo (MCMC)}},
publisher = {John Wiley {\&} Sons, Ltd},
year = {2014},
address = {Chichester, UK},
month = apr
}

@article{Hwang:vj,
author = {Hwang, T J and Carpenter, D and medicine, JC Lauffenburger internal and {2016}},
title = {{Failure of investigational drugs in late-stage clinical development and publication of trial results}},
journal = {jamanetwork.com
}
}

@article{Pocock:2003ts,
author = {Pocock, Stuart J},
title = {{The pros and cons of noninferiority trials}},
journal = {Fundamental and Clinical Pharmacology},
year = {2003},
volume = {17},
number = {4},
pages = {483--490},
month = aug
}

@article{Kahan:2011iz,
author = {Kahan, Brennan C and Morris, Tim P},
title = {{Improper analysis of trials randomised using stratified blocks or minimisation}},
journal = {Statistics in medicine},
year = {2011},
volume = {31},
number = {4},
pages = {328--340},
month = dec
}

@article{Efron:2012ez,
author = {Efron, Bradley},
title = {{Journal of the American Statistical Association}},
journal = {Journal of the American Statistical Association},
year = {2012},
volume = {106},
number = {496},
pages = {1--14},
month = jan
}

@incollection{Chang:2016vy,
author = {Chang, Mark},
title = {{Classical Design Method Reference}},
booktitle = {Classical and Adaptive Clinical Trial Designs using Expdesign Studio{\texttrademark}},
year = {2008},
pages = {187--213},
publisher = {John Wiley {\&} Sons, Inc.},
address = {Hoboken, NJ, USA},
month = jul
}

@article{Cook:2011cg,
author = {Cook, Nancy R and Paynter, Nina P},
title = {{Performance of reclassification statistics in comparing risk prediction models}},
journal = {Biometrical Journal},
year = {2011},
volume = {53},
number = {2},
pages = {237--258},
month = feb
}

@article{Biller:2002cj,
author = {Biller, Beverly M K and Samuels, Mary H and Zagar, Anthony and Cook, David M and Arafah, Baha M and Bonert, Vivien and Stavrou, Stavros and Kleinberg, David L and Chipman, John J and Hartman, Mark L},
title = {{Sensitivity and Specificity of Six Tests for the Diagnosis of Adult GH Deficiency}},
journal = {The Journal of Clinical Endocrinology {\&} Metabolism},
year = {2002},
volume = {87},
number = {5},
pages = {2067--2079},
month = may
}

@article{Kapelner:2014cu,
author = {Kapelner, Adam and Krieger, Abba},
title = {{Matching on-the-fly: Sequential allocation with higher power and efficiency}},
journal = {Biometrics},
year = {2014},
volume = {70},
number = {2},
pages = {378--388},
month = jan
}

@article{Dhanasekaran:2001iw,
author = {Dhanasekaran, Saravana M and Barrette, Terrence R and Ghosh, Debashis and Shah, Rajal and Varambally, Sooryanarayana and Kurachi, Kotoku and Pienta, Kenneth J and Rubin, Mark A and Chinnaiyan, Arul M},
title = {{Delineation of prognostic biomarkers in prostate cancer}},
journal = {Nature},
year = {2001},
volume = {412},
number = {6849},
pages = {822--826},
month = aug
}

@article{Anonymous:EKo03RNu,
title = {{HONORCODE}},
year = {2018},
pages = {1--1},
month = nov
}

@incollection{Anonymous:MBJdFZb9,
author = {Gonzalez, Ruben and Qi, Fei and Huang, Biao},
title = {{Bayesian Diagnosis}},
booktitle = {Process Control System Fault Diagnosis: A Bayesian Approach},
year = {2016},
pages = {62--67},
publisher = {John Wiley {\&} Sons, Ltd},
address = {Chichester, UK},
month = aug
}

@article{Ciolino:2011ff,
author = {Ciolino, Jody and Zhao, Wenle and Martin, Renee and Palesch, Yuko},
title = {{Quantifying the cost in power of ignoring continuous covariate imbalances in clinical trial randomization}},
journal = {Contemporary Clinical Trials},
year = {2011},
volume = {32},
number = {2},
pages = {250--259},
month = mar
}

@article{Pencina:2016cm,
author = {Pencina, Michael J and Steyerberg, Ewout W and D'Agostino Sr., Ralph B},
title = {{Net reclassification index at event rate: properties and relationships}},
journal = {Statistics in medicine},
year = {2016},
month = jul
}

@article{Fryer:2014fc,
author = {Fryer, Roland G},
title = {{ Injecting Charter School Best Practices into Traditional Public Schools: Evidence from Field Experiments}},
journal = {The Quarterly Journal of Economics},
year = {2014},
volume = {129},
number = {3},
pages = {1355--1407},
month = aug
}

@article{Ross:2004gd,
author = {Ross, Judith L and Sandberg, David E and Rose, Susan R and Leschek, Ellen Werber and Baron, Jeffrey and Chipman, John J and Cassorla, Fernando G and Quigley, Charmian A and Crowe, Brenda J and Roberts, Kristen and Cutler Jr., Gordon B},
title = {{Psychological Adaptation in Children with Idiopathic Short Stature Treated with Growth Hormone or Placebo}},
journal = {The Journal of Clinical Endocrinology {\&} Metabolism},
year = {2004},
volume = {89},
number = {10},
pages = {4873--4878},
month = oct
}

@article{Kraemer:2007gv,
author = {Kraemer, Helena Chmura},
title = {{Comments on {\textquoteleft}Evaluating the added predictive ability of a new marker{\textquoteright} by M. Pencina, R. D'Agostino, R. D'Agostino Jr, R. Vasan,Statistics in Medicine (DOI: 10.1002/sim.2929)}},
journal = {Statistics in medicine},
year = {2007},
volume = {27},
number = {2},
pages = {196--198}
}

@article{Mihalcik:2018eua,
author = {Mihalcik, Stephen A and Chipman, Jonathan J and Sanda, Martin G and Regan, Meredith M and Kaplan, Irving D and Wagner, Andrew A and Crociani, Catrina M and Chang, Peter},
title = {{Predicting erectile function following external beam radiation therapy or brachytherapy for prostate cancer using EPIC-CP}},
journal = {Practical Radiation Oncology},
year = {2018},
volume = {8},
number = {6},
pages = {445--451},
month = nov,
annote = {doi: 10.1016/j.prro.2018.04.007}
}

@article{NAGELKERKE:1991hp,
author = {NAGELKERKE, N J D},
title = {{A note on a general definition of the coefficient of determination}},
journal = {Biometrika},
year = {1991},
volume = {78},
number = {3},
pages = {691--692}
}

@article{Simpson1951,
author = {Lewis, B N},
title = {{On the Analysis of Interaction in Multi-Dimensional Contingency Tables}},
journal = {Journal of the Royal Statistical Society. Series A (General)},
year = {1962},
volume = {125},
number = {1},
pages = {88}
}

@article{Sanderson:2013cw,
author = {Sanderson, Jean and Thompson, Simon G and White, Ian R and Aspelund, Thor and Pennells, Lisa},
title = {{Derivation and assessment of risk prediction models using case-cohort data}},
journal = {BMC Medical Research Methodology},
year = {2013},
volume = {13},
number = {1},
pages = {1},
month = sep
}

@article{Cook:2012bt,
author = {Cook, N R},
title = {{Clinically Relevant Measures of Fit? A Note of Caution}},
journal = {American Journal of Epidemiology},
year = {2012},
volume = {176},
number = {6},
pages = {488--491},
month = sep
}

@article{Pencina:jc,
author = {Pencina, Michael J and D'Agostino, Ralph B and Vasan, Ramachandran S},
title = {{Statistical methods for assessment of added usefulness of new biomarkers}},
journal = {Clinical Chemistry and Laboratory Medicine},
volume = {48},
number = {12}
}

@article{Kastrinos:2011eq,
author = {Kastrinos, Fay and Steyerberg, Ewout W and Mercado, Rowena and Balma{\~n}a, Judith and Holter, Spring and Gallinger, Steven and Siegmund, Kimberly D and Church, James M and Jenkins, Mark A and Lindor, Noralane M and Thibodeau, Stephen N and Burbidge, Lynn Anne and Wenstrup, Richard J and Syngal, Sapna},
title = {{The PREMM1,2,6 Model Predicts Risk of MLH1, MSH2, and MSH6 Germline Mutations Based on Cancer History}},
journal = {Gastroenterology},
year = {2011},
volume = {140},
number = {1},
pages = {73--81.e5},
month = jan
}

@article{Anonymous:A0cR_dee,
title = {{Pepe Anderson 1994}},
year = {2014},
pages = {1--11},
month = feb
}

@article{Sing:2005jf,
author = {Sing, T and Sander, O and Beerenwinkel, N and Lengauer, T},
title = {{ROCR: visualizing classifier performance in R}},
journal = {Bioinformatics},
year = {2005},
volume = {21},
number = {20},
pages = {3940--3941},
month = oct
}

@article{Biswas:2012cw,
author = {Biswas, Swati and Tankhiwale, Neelam and Blackford, Amanda and Barrera, Angelica M Gutierrez and Ready, Kaylene and Lu, Karen and Amos, Christopher I and Parmigiani, Giovanni and Arun, Banu},
title = {{Assessing the added value of breast tumor markers in genetic risk prediction model BRCAPRO}},
journal = {Breast Cancer Research and Treatment},
year = {2012},
volume = {133},
number = {1},
pages = {347--355},
month = jan
}

@article{Lopiano:2014ff,
author = {Lopiano, Kenneth K and Obenchain, Robert L and Young, S Stanley},
title = {{Fair treatment comparisons in observational research}},
journal = {Statistical Analysis and Data Mining: The ASA Data Science Journal},
year = {2014},
volume = {7},
number = {5},
pages = {376--384},
month = aug
}

@article{Kallus:2018um,
author = {Kallus, N and {2018}},
title = {{Optimal a priori balance in the design of controlled experiments}},
journal = {Journal of the Royal Statistical Society Series B},
year = {2018},
volume = {80},
pages = {85--112}
}

@article{Normand:2001hw,
author = {Normand, Sharon-Lise T and Landrum, Mary Beth and Guadagnoli, Edward and Ayanian, John Z and Ryan, Thomas J and Cleary, Paul D and McNeil, Barbara J},
title = {{Validating recommendations for coronary angiography following acute myocardial infarction in the elderly: A matched analysis using propensity scores}},
journal = {Journal of Clinical Epidemiology},
year = {2001},
volume = {54},
number = {4},
pages = {387--398},
month = apr
}

@article{Roychoudhury:2018gg,
author = {Roychoudhury, Satrajit and Scheuer, Nicolas and Neuenschwander, Beat},
title = {{Beyond p-values: A phase II dual-criterion design with statistical significance and clinical relevance}},
journal = {Clinical Trials},
year = {2018},
volume = {15},
number = {5},
pages = {452--461},
month = aug
}

@article{Harel:2009dd,
author = {Harel, Ofer},
title = {{The estimation of R2and adjusted R2in incomplete data sets using multiple imputation}},
journal = {Journal of Applied Statistics},
year = {2009},
volume = {36},
number = {10},
pages = {1109--1118},
month = sep
}

@article{VanCalster:2017dn,
author = {Van Calster, Ben and Van Hoorde, Kirsten and Vergouwe, Yvonne and Bobdiwala, Shabnam and Condous, George and Kirk, Emma and Bourne, Tom and Steyerberg, Ewout W},
title = {{Validation and updating of risk models based on multinomial logistic regression}},
journal = {Diagnostic and Prognostic Research},
year = {2017},
volume = {1},
number = {1},
pages = {453},
month = feb
}

@article{Vickers:2015et,
author = {Vickers, Andrew J and Sjoberg, Daniel D},
title = {{Guidelines for Reporting of Statistics in European Urology}},
journal = {European urology},
year = {2015},
volume = {67},
number = {2},
pages = {181--187},
month = feb
}

@article{Hoch:2008ck,
author = {Hoch, Jeffrey S and Blume, Jeffrey D},
title = {{Measuring and illustrating statistical evidence in a cost-effectiveness analysis}},
journal = {Journal of Health Economics},
year = {2008},
volume = {27},
number = {2},
pages = {476--495},
month = mar
}

@article{Zhao:2011ce,
author = {Zhao, Wenle and Hill, Michael D and Palesch, Yuko},
title = {{Minimal sufficient balance{\textemdash}a new strategy to balance baseline covariates and preserve randomness of treatment allocation}},
journal = {Statistical Methods in Medical Research},
year = {2011},
volume = {24},
number = {6},
pages = {989--1002},
month = sep
}

@article{Anonymous:r_zRvR67,
title = {{CommentN:eyman(1923)and Causal InferencienExperimentasnd ObservationaSltudies}},
year = {2015},
pages = {1--10},
month = apr
}

@article{DAgostinoJr:2000js,
author = {D'Agostino Jr., Ralph B and Rubin, Donald B},
title = {{Estimating and Using Propensity Scores with Partially Missing Data}},
journal = {Journal of the American Statistical Association},
year = {2000},
volume = {95},
number = {451},
pages = {749--759},
month = sep
}

@article{Meyers:2014io,
author = {Meyers, Abby G and Salanitro, Amanda and Wallston, Kenneth A and Cawthon, Courtney and Vasilevskis, Eduard E and Goggins, Kathryn M and Davis, Corinne M and Rothman, Russell L and Castel, Liana D and Donato, Katharine M and Schnelle, John F and Bell, Susan P and Schildcrout, Jonathan S and Osborn, Chandra Y and Harrell, Frank E and Kripalani, Sunil},
title = {{Determinants of health after hospital discharge: rationale and design of the Vanderbilt Inpatient Cohort Study (VICS)}},
journal = {BMC Health Services Research},
year = {2014},
volume = {14},
number = {1},
pages = {314},
month = jan
}

@article{Pepe:2004ue,
author = {Pepe, M S},
title = {{Limitations of the Odds Ratio in Gauging the Performance of a Diagnostic, Prognostic, or Screening Marker}},
journal = {American Journal of Epidemiology},
year = {2004},
volume = {159},
number = {9},
pages = {882--890},
month = may
}

@article{Scott:2007vq,
author = {Scott, W F},
title = {{A SIMPLE OPTIMISATION METHOD FOR CLINICAL TRIALS.}},
journal = {Mathematical Scientist},
year = {2007}
}

@article{Holland:1985hj,
author = {Holland, Paul W and Glymour, Clark and Granger, Clive},
title = {{STATISTICS AND CAUSAL INFERENCE}},
journal = {ETS Research Report Series},
year = {1985},
volume = {1985},
number = {2},
pages = {i--72},
month = dec
}

@article{Pencina:2014fs,
author = {Pencina, Karol M and Pencina, Michael J and D'Agostino Sr., Ralph B},
title = {{What to expect from net reclassification improvement with three categories}},
journal = {Statistics in medicine},
year = {2014},
volume = {33},
number = {28},
pages = {4975--4987},
month = aug
}

@article{Aapro:2009jk,
author = {Aapro, Matti and Spivak, Jerry L},
title = {{Update on erythropoiesis-stimulating agents and clinical trials in oncology.}},
journal = {The Oncologist},
year = {2009},
volume = {14 Suppl 1},
number = {Supplement 1},
pages = {6--15}
}

@article{Lachin:1988ja,
author = {Lachin, John M},
title = {{Properties of simple randomization in clinical trials}},
journal = {Controlled Clinical Trials},
year = {1988},
volume = {9},
number = {4},
pages = {312--326},
month = dec
}

@article{Kaul:2005co,
author = {Kaul, Sanjay and Diamond, George A and Weintraub, William S},
title = {{Trials and Tribulations of Non-Inferiority}},
journal = {Journal of the American College of Cardiology},
year = {2005},
volume = {46},
number = {11},
pages = {1986--1995},
month = dec
}

@article{Vickers:2014jg,
author = {Vickers, Andrew J and Pepe, Margaret},
title = {{Does the Net Reclassification Improvement Help Us Evaluate Models and Markers?}},
journal = {Annals of Internal Medicine},
year = {2014},
volume = {160},
number = {2},
pages = {136--137},
month = jan
}

@article{Statistician:1966ks,
author = {Statistician, J Cornfield The American and {1966}},
title = {{Sequential trials, sequential analysis and the likelihood principle}},
journal = {amstat.tandfonline.com
},
year = {1966},
volume = {20},
number = {2},
pages = {18--23},
month = apr
}

@article{Spellberg:vd,
author = {Spellberg, B and Bartlett, J and medicine, R Wunderink critical care and {2015}},
title = {{Novel approaches are needed to develop tomorrow's antibacterial therapies}},
journal = {atsjournals.org
}
}

@article{Katki:2008gy,
author = {Katki, Hormuzd A and Blackford, Amanda and Chen, Sining and Parmigiani, Giovanni},
title = {{Multiple diseases in carrier probability estimation: Accounting for surviving all cancers other than breast and ovary in BRCAPRO}},
journal = {Statistics in medicine},
year = {2008},
volume = {27},
number = {22},
pages = {4532--4548},
month = sep
}

@article{Cook:2008ij,
author = {Cook, N R},
title = {{Statistical Evaluation of Prognostic versus Diagnostic Models: Beyond the ROC Curve}},
journal = {Clinical chemistry},
year = {2007},
volume = {54},
number = {1},
pages = {17--23},
month = nov
}

@article{Benjamin:2017gh,
author = {Benjamin, Daniel J and Berger, James O and Johannesson, Magnus and Nosek, Brian A and Wagenmakers, E J and Berk, Richard and Bollen, Kenneth A and Brembs, Bjamp x000F6 rn and Brown, Lawrence and Camerer, Colin and Cesarini, David and Chambers, Christopher D and Clyde, Merlise and Cook, Thomas D and De Boeck, Paul and Dienes, Zoltan and Dreber, Anna and Easwaran, Kenny and Efferson, Charles and Fehr, Ernst and Fidler, Fiona and Field, Andy P and Forster, Malcolm and George, Edward I and Gonzalez, Richard and Goodman, Steven and Green, Edwin and Green, Donald P and Greenwald, Anthony G and Hadfield, Jarrod D and Hedges, Larry V and Held, Leonhard and Ho, Teck Hua and Hoijtink, Herbert and Hruschka, Daniel J and Imai, Kosuke and Imbens, Guido and Ioannidis, John P A and Jeon, Minjeong and Jones, James Holland and Kirchler, Michael and Laibson, David and List, John and Little, Roderick and Lupia, Arthur and Machery, Edouard and Maxwell, Scott E and McCarthy, Michael and Moore, Don A and Morgan, Stephen L and x000F3, Marcus Munafamp and Nakagawa, Shinichi and Nyhan, Brendan and Parker, Timothy H and Pericchi, Luis and Perugini, Marco and Rouder, Jeff and Rousseau, Judith and Savalei, Victoria and nbrodt, Felix D Schamp x000F6 and Sellke, Thomas and Sinclair, Betsy and Tingley, Dustin and Van Zandt, Trisha and Vazire, Simine and Watts, Duncan J and Winship, Christopher and Wolpert, Robert L and Xie, Yu and Young, Cristobal and Zinman, Jonathan and Johnson, Valen E},
title = {{Redefine statistical significance}},
journal = {Nature Human Behaviour},
year = {2017},
volume = {33},
pages = {1--0},
month = aug
}

@article{Atkinson:1999fu,
author = {Atkinson, Anthony C},
title = {{Optimum biased-coin designs for sequential treatment allocation with covariate information}},
journal = {Statistics in medicine},
year = {1999},
volume = {18},
number = {14},
pages = {1741--1752},
month = jul
}

@incollection{King:2016uw,
author = {Holmes, William M},
title = {{Propensity Matching}},
booktitle = {Using Propensity Scores in Quasi-Experimental Designs},
pages = {103--127},
publisher = {SAGE Publications, Ltd},
address = {1 Oliver's Yard,~55 City Road~London~EC1Y 1SP~}
}

@article{Austin:2009fra,
author = {Austin, Peter C},
title = {{Using the Standardized Difference to Compare the Prevalence of a Binary Variable Between Two Groups in Observational Research}},
journal = {Communications in Statistics - Simulation and Computation},
year = {2009},
volume = {38},
number = {6},
pages = {1228--1234},
month = apr
}

@article{Shmueli:2010ec,
author = {Shmueli, Galit},
title = {{To Explain or to Predict?}},
journal = {Statistical Science},
year = {2010},
volume = {25},
number = {3},
pages = {289--310},
month = aug
}

@article{Kastrinos:2013do,
author = {Kastrinos, Fay and Steyerberg, Ewout W and Balma{\~n}a, Judith and Mercado, Rowena and Gallinger, Steven and Haile, Robert and Casey, Graham and Hopper, John L and LeMarchand, Loic and Lindor, Noralane M and Newcomb, Polly A and Thibodeau, Stephen N and Syngal, Sapna and {the Colon Cancer Family Registry}},
title = {{Comparison of the clinical prediction model PREMM 1,2,6and molecular testing for the systematic identification of Lynch syndrome in colorectal cancer}},
journal = {Gut},
year = {2013},
volume = {62},
number = {2},
pages = {272--279},
month = jan
}

@article{Simon:2003ce,
author = {Simon, R and Radmacher, M D and Dobbin, K and McShane, L M},
title = {{Pitfalls in the Use of DNA Microarray Data for Diagnostic and Prognostic Classification}},
journal = {JNCI Journal of the National Cancer Institute},
year = {2003},
volume = {95},
number = {1},
pages = {14--18},
month = jan
}

@article{Pocock:1975wd,
author = {Pocock, Stuart J and Simon, Richard},
title = {{Sequential Treatment Assignment with Balancing for Prognostic Factors in the Controlled Clinical Trial}},
journal = {Biometrics},
year = {1975},
volume = {31},
number = {1},
pages = {103--115},
month = mar
}

@techreport{Anonymous:UCe9Nb8z,
title = {{Microsoft Word - A Better P (Revision2).docx}},
year = {2017},
month = sep
}

@article{Cornfield:1966ks,
author = {Cornfield, Jerome},
title = {{Sequential Trials, Sequential Analysis and the Likelihood Principle}},
journal = {The American statistician},
year = {1966},
volume = {20},
number = {2},
pages = {18--23},
month = apr
}

@article{Robins:2000wv,
author = {Robins, James M and Hern{\'a}n, Miguel {\'A}ngel and Brumback, Babette},
title = {{Marginal Structural Models and Causal Inference in Epidemiology}},
journal = {Epidemiology},
year = {2000},
volume = {11},
number = {5},
pages = {550},
month = sep
}

@article{Sundstrom:2011gs,
author = {Sundstrom, J and Byberg, L and Gedeborg, R and Michaelsson, K and Berglund, L},
title = {{Useful tests of usefulness of new risk factors: Tools for assessing reclassification and discrimination}},
journal = {Scandinavian Journal of Public Health},
year = {2011},
volume = {39},
number = {4},
pages = {439--441},
month = may
}

@article{Mandel:2013fh,
author = {Mandel, Micha and Mercier, Francois and Eckert, Benjamin and Chin, Peter and Betensky, Rebecca A},
title = {{Estimating Time to Disease Progression Comparing Transition Models and Survival Methods-An Analysis of Multiple Sclerosis Data}},
journal = {Biometrics},
year = {2013},
volume = {69},
number = {1},
pages = {225--234},
month = feb
}

@article{Pencina:2012km,
author = {Pencina, M J and D'Agostino, R B and Pencina, K M and Janssens, A C J W and Greenland, P},
title = {{Interpreting Incremental Value of Markers Added to Risk Prediction Models}},
journal = {American Journal of Epidemiology},
year = {2012},
volume = {176},
number = {6},
pages = {473--481},
month = sep
}

@article{Royall:2003gc,
author = {Royall, Richard and Tsou, Tsung Shan},
title = {{Interpreting statistical evidence by using imperfect models: robust adjusted likelihood functions}},
journal = {Journal of the Royal Statistical Society: Series B (Statistical Methodology)},
year = {2003},
volume = {65},
number = {2},
pages = {391--404},
month = may
}

@article{Sanda:2017di,
author = {Sanda, Martin G and Feng, Ziding and Howard, David H and Tomlins, Scott A and Sokoll, Lori J and Chan, Daniel W and Regan, Meredith M and Groskopf, Jack and Chipman, Jonathan and Patil, Dattatraya H and Salami, Simpa S and Scherr, Douglas S and Kagan, Jacob and Srivastava, Sudhir and Thompson, Ian M and Siddiqui, Javed and Fan, Jing and Joon, Aron Y and Bantis, Leonidas E and Rubin, Mark A and Chinnayian, Arul M and Wei, John T and {and the EDRN-PCA3 Study Group} and Bidair, Mohamed and Kibel, Adam and Lin, Daniel W and Lotan, Yair and Partin, Alan and Taneja, Samir},
title = {{Association Between Combined TMPRSS2:ERG and PCA3 RNA Urinary Testing and Detection of Aggressive Prostate Cancer.}},
journal = {JAMA oncology},
year = {2017},
volume = {3},
number = {8},
pages = {1085--1093},
month = aug
}

